2954 4816
261 212 326 324 88¹
708 215 904 284 HlSTOth

259 369 393 447 κόσμον,
414 363 491 432 sard
512 365 547 430 τό
571 351 773 450 παρόδιιγμο
786 371 845 432 τοῦ
858 369 975 452 Ἰησοῦ,
997 359 1085 442 δστις
1106 361 1257 439 ἑκουσίως
1276 364 1359 430 δοτέ-

171 534 173 546 *
242 473 339 530 δότε
373 461 451 528 κοιτό
481 463 516 528 τό
553 465 752 549 drepanum
780 466 860 550 όττέρ
892 468 949 532 τοῦ
979 468 1125 550 σωθῆναι
1153 463 1206 530 τόν
1226 462 1359 554 Ιιιόσμον.

259 565 344 630 οὕτω
364 561 549 645 πιστεύομεν
569 563 660 650 ἡμεῖς
681 563 736 630 τόν
755 565 810 630 ἕνα
832 565 906 630 θεόν
928 568 962 630 έν
990 562 1114 648 τριάδι,
1137 570 1260 648 πατέρα
1282 563 1360 630 υἱόν

217 703 219 710 ,
258 664 314 730 arui
333 667 457 746 πνεῦμα
486 660 594 746 ἅγιον,
628 664 736 742 κτιδοός
764 661 941 744 ε’δίδοξενό
964 662 1104 748 Χριστός
1127 665 1217 748 ἡμῶν
1235 666 1359 748 Ἰησοῦς

259 763 407 847 Χριστός.
464 767 518 828 καί
547 763 632 828 διότι
653 767 738 832 doris
759 767 899 849 σ’ληδὴς,
923 763 1122 855 πιστεύομεν,
1145 761 1191 828 ότι
1213 767 1281 828 ἑστι
1301 764 1360 826 καί
1369 767 1388 820 5

260 865 465 950 οιότοοιληθές.
517 865 572 928 καί
602 861 632 928 σέ
653 863 798 949 μαθηταί
825 866 928 929 αὐτοῦ
958 858 1062 939 οὕτως
1101 867 1250 942 ἐδίδαξαν
1266 862 1358 948 Ιἡμᾶς

259 959 467 1046 ιιλοιτόττρον.
523 960 606 1028 οὕτω
641 966 797 1048 νοοῦμεν,
832 964 888 1029 καί
922 962 984 1028 siud
1016 968 1071 1046 τῆς
1103 961 1269 1043 δυνάμεως
1300 964 1358 1044 τῆς

226 1143 229 1148 Δ
260 1063 387 1148 σοφίας.

343 1161 378 1239 ζ’.
421 1160 622 1241 Πιστεόομεν
644 1155 692 1225 ότι
714 1159 730 1224 ό
753 1157 841 1244 λόγος
863 1163 922 1224 τοό
944 1162 1040 1239 θεοῦ,
1064 1162 1119 1224 καί
1140 1158 1156 1222 ό
1179 1153 1357 1246 όνδρωιιος,

260 1257 297 1324 όν
318 1259 453 1344 ἐνεδόθη
478 1257 494 1322 ό
527 1257 616 1343 λόγος
646 1265 703 1326 τοῦ
724 1263 811 1340 θεοῦ,
832 1263 918 1324 ἐστίν
949 1258 1137 1342 όΧριστός.
1180 1264 1235 1324 καί
1255 1255 1275 1342 ἦ
1296 1264 1357 1340 μὲν
1370 1265 1403 1316 1⁰

262 1359 326 1444 ζωὴ
350 1365 410 1424 aod
422 1364 565 1442 Χριστοῦ
579 1363 611 1424 έν
626 1361 664 1444 τῇ
684 1362 780 1445 σαρκί
801 1360 901 1426 odanti
917 1353 954 1442 ἧν
976 1358 1039 1443 ζωὴ
1065 1361 1236 1442 αἰδριόιτοο
1258 1359 1359 1441 δστρ-

262 1464 371 1541 ογιόο,
404 1458 422 1543 ἡ
452 1462 487 1524 δέ
514 1457 650 1540 δόναμις
672 1463 728 1544 τῆς
757 1460 873 1546 σοφιόις
900 1459 953 1524 κατ’
974 1463 1038 1526 τιόν
1060 1458 1159 1546 ἔργων
1194 1461 1295 1524 adseri
1319 1454 1360 1544 ἦν

261 1561 342 1623 θεοῦ
362 1557 508 1638 δύναμις.

346 1655 383 1742 η’.
427 1663 631 1741 Πιστεόομεν
669 1643 734 1742 ότι,
758 1656 865 1743 ιόσττιρ
901 1660 1032 1744 ἡψυχὴ
1056 1664 1112 1726 καί
1129 1659 1163 1725 τό
1185 1649 1278 1740 οόἲμο
1299 1661 1359 1724 τοῦ

198 1789 201 1798 ‚
261 1755 331 1834 ἑνός
351 1758 523 1843 όνθριόιιοο
546 1762 662 1842 γίνεται
676 1753 721 1834 εἷς
734 1754 920 1841 ἅνθρωπος·
933 1756 1032 1836 οότως
1052 1759 1068 1824 ό
1087 1762 1177 1841 λόγος
1198 1763 1253 1840 τοῦ
1270 1761 1358 1839 θεοῦ,
1370 1765 1400 1818 15

262 1857 321 1943 ἀφ’
344 1854 411 1934 ἑνός
432 1862 559 1942 μέρους,
580 1863 634 1924 καί
648 1861 703 1924 ἀπ’
722 1853 822 1924 datos
835 1864 953 1943 μέρους
974 1861 993 1942 ἡ
1016 1859 1108 1944 ψυχὴ
1128 1863 1183 1924 καί
1196 1858 1229 1924 τό
1253 1863 1358 1940 σῶμα,

262 1955 328 2020 εἰσί
346 1953 476 2022 πάντοτε
498 1955 556 2021 δόο
577 1956 700 2043 φύσεις,
719 1960 950 2041 μεμερισμένοι
963 1961 1090 2032 τελείως
1110 1955 1144 2022 ἐν
1163 1957 1211 2022 ἑνί
1229 1956 1360 2042 οἷνθροό-

262 2080 331 2144 up·
373 2051 457 2120 οότω
479 2053 573 2142 siais}
597 2057 806 2142 όνθρωιτότης
832 2057 888 2122 καί
908 2062 929 2142 ἦ
951 2054 1072 2140 θεότης,
1093 2056 1172 2121 εἰσίν
1195 2059 1229 2120 ἐν
1248 2060 1292 2145 τῴ
1313 2050 1361 2120 ἑνί

261 2157 395 2242 Χριστῷ
414 2160 647 2237 μεμερισμένοι
667 2161 707 2245 τῇ
736 2158 833 2242 φύσει
851 2159 985 2238 τελείως,
1008 2161 1084 2220 καθ’
1104 2153 1280 2220 ότιόστοσιν
1300 2156 1359 2236 μό.

262 2276 315 2318 νον
338 2252 397 2317 καί
420 2259 627 2338 ιτροοωττιιωδς
660 2255 829 2341 ἡνωμέναι.
883 2252 1029 2320 naiades
1052 2252 1175 2339 όλόγος
1199 2257 1255 2320 τοῦ
1281 2257 1399 2320 deuito

334 2405 359 2458 7.
377 2409 426 2458 καὶ
444 2403 815 2481 οὕτωςρᾶκοὺομενόσόΡ
887 2409 928 2462 15.
948 2406 1163 2464 οὔτωιωιὶόΡ
1251 2407 1293 2464 16.
1311 2413 1358 2480 μέ·

335 2493 402 2548 ρους
419 2479 533 2530 alterum
556 2495 599 2530 om
616 2480 635 2530 P

264 2598 348 2650 atolos
374 2615 445 2661 suos,
461 2607 491 2650 ut
509 2601 650 2652 veritatem
668 2600 697 2652 in
717 2607 804 2651 totum
823 2600 904 2651 etiam
923 2608 1010 2651 terrae
1026 2599 1120 2651 orbern
1141 2594 1357 2663 disaemiuaient,

263 2677 376 2738 propter
393 2671 531 2721 caritatem
552 2671 605 2734 dei,
625 2672 771 2740 quiipsum
794 2671 911 2736 miserat,
931 2680 958 2722 et
976 2671 1289 2741 proptercupiditatem,
1308 2689 1359 2740 qua

209 2803 212 2808 Ι
262 2738 400 2808 flagrabat,
417 2742 512 2794 salutis
531 2740 642 2792 humani
660 2742 774 2811 generis,
790 2742 936 2794 secundum
955 2743 1105 2812 exemplum
1118 2743 1201 2812 ipsius
1213 2745 1282 2805 Iesu,
1302 2742 1358 2810 qui,
1449 2755 1450 2790 t

264 2828 318 2880 qua
328 2810 472 2862 humanam
487 2822 666 2884 assumpserat
676 2821 808 2876 naturam,
822 2831 871 2881 pro
884 2814 1016 2865 cornmuni
1031 2815 1120 2865 salute
1135 2814 1274 2864 hominum
1288 2813 1357 2864 uitro

264 2892 402 2933 emortuus
417 2892 467 2936 est.
511 2884 549 2935 sio
578 2902 626 2935 nos
644 2883 777 2934 oredimus
797 2901 876 2934 arnum
896 2885 926 2935 in
952 2885 1037 2935 tribus
1056 2885 1181 2954 personis
1201 2884 1290 2945 deum,
1310 2902 1357 2953 pa-

263 2961 331 3002 trem
351 2954 435 3004 fliium
452 2962 479 3004 et
496 2955 619 3022 spiritum
635 2957 771 3016 sinotum*
783 2955 1010 3022 quemadmodum
1029 2955 1154 3007 dominus
1174 2964 1267 3006 noster
1285 2956 1357 3006 iesus
1400 2964 1402 2968 '

262 3020 385 3074 Christus
404 3025 505 3075 docuit.
543 3033 571 3075 et
587 3025 652 3094 quia
670 3041 749 3074 verax
768 3033 818 3087 est,
838 3026 972 3084 credimus
991 3043 1051 3076 eum
1071 3044 1131 3080 esse
1155 3027 1240 3095 ipsam
1259 3027 1357 3077 verita-

264 3101 329 3142 tem.
365 3093 492 3161 discipuli
513 3097 593 3167 etiam
614 3095 698 3163 ipsius
717 3095 755 3146 sic
768 3111 817 3145 nes
836 3095 917 3148 latius
938 3097 1098 3152 docuerunt.
1135 3101 1174 3150 sic
1191 3114 1225 3148 ex
1243 3098 1268 3148 ri
1289 3113 1357 3166 quo-

265 3179 318 3232 que
340 3164 491 3232 sapientiae
508 3165 699 3233 intelligimus.

463 3250 599 3303 Hactenus
617 3259 722 3304 sextum
745 3260 834 3322 caput.

353 3336 492 3390 Credimus
515 3339 605 3408 logum
635 3340 714 3390 iilum
741 3339 785 3390 dei
814 3348 842 3391 et
862 3339 999 3391 hominem
1027 3357 1042 3390 a
1068 3337 1130 3410 ingo
1152 3339 1278 3390 indutum
1301 3355 1357 3390 esse

263 3403 407 3458 Christum.
453 3427 517 3462 sane
538 3412 592 3462 vita
610 3410 729 3471 Christi,
759 3428 840 3480 quarn
859 3413 888 3462 in
914 3428 995 3462 earne
1013 3426 1059 3461 sua
1078 3412 1203 3474 ducebat,
1224 3419 1286 3463 erat
1303 3411 1358 3460 rita

261 3475 540 3602 gppriaitseptiirpsquam
560 3482 655 3534 sancti.
691 3482 731 3534 vis
751 3491 841 3533 autem
858 3483 1007 3552 sapientiae
1032 3490 1061 3533 et
1078 3499 1190 3553 operum
1212 3482 1272 3534 eius
1301 3489 1359 3533 erat

325 3567 360 3619 po
452 3589 457 3600 .

447 3639 582 3690 Hactenus
601 3640 746 3707 septi-um
765 3635 855 3707 capiat.

314 3723 462 3784 Credimus,
480 3724 705 3793 quemadmodum
720 3727 808 3776 anima
821 3735 953 3795 eteorpus
968 3727 1046 3776 unius
1059 3724 1176 3776 hominis
1187 3725 1359 3776 constituunt

263 3809 345 3845 unum
367 3792 524 3856 hominem,x
540 3799 575 3847 ita
598 3797 687 3863 logum
708 3797 752 3847 dei
772 3798 805 3846 ab
825 3814 877 3848 una
900 3805 984 3865 parte,
1002 3797 1036 3846 ab
1054 3798 1138 3848 altera
1157 3813 1221 3847 vero
1240 3796 1356 3846 animam

262 3872 290 3914 et
308 3881 404 3934 corpus
426 3884 484 3917 essa
503 3877 634 3935 perpetuo
653 3869 719 3918 duas
739 3877 849 3920 naturas
868 3869 987 3936 perfecte
1000 3868 1096 3918 divisas
1115 3870 1144 3918 in
1164 3885 1217 3918 uno
1235 3865 1355 3918 homine.

261 3934 300 3984 aie
321 3945 349 3988 et
366 3938 519 3988 humanitas
547 3947 575 3988 et
596 3937 722 3990 divinitas
748 3948 810 3990 sunt
839 3939 868 3989 in
900 3957 953 3989 uno
975 3939 1082 3990 Christo
1102 3947 1215 3989 naturae
1236 3938 1356 4006 perfecte
1446 3961 1447 4016 ρ

262 4002 370 4068 divisae,
389 4017 493 4060 tantum
513 4007 652 4077 hypostasi
674 4019 702 4060 et
728 4011 908 4077 personaliter
926 4010 1101 4060 coadunatae.
1148 4026 1179 4060 ac
1204 4026 1293 4078 neque
1313 4009 1353 4057 io-

261 4072 310 4142 gu's
328 4075 371 4128 dei
389 4086 508 4131 mutatus
538 4087 580 4132 est
606 4081 760 4132 incernam
782 4089 829 4132 aut
858 4081 886 4132 iu
906 4083 1022 4132 animam
1042 4080 1161 4144 Christi,
1183 4097 1273 4151 neque
1294 4095 1354 4130 caro
