2922 4824
397 289 591 358 HISTORIA
620 285 939 356 PthllhllCHlCh.
1162 281 1208 352 79

111 447 203 530 ια’τη,
226 444 330 528 ἡμέρα
354 443 455 527 τρίτη.
481 425 568 524 ὅμας
587 436 726 526 ἥξεορεν,
748 437 796 505 ὅτι
816 440 882 514 πῶς
904 434 933 502 οἶ
950 431 1102 517 Ῥωμαῖοι
1116 433 1210 520 ἔχουν

112 547 317 628 πατριοὲρχην
337 541 479 627 πάντοτε,
500 541 580 606 διότι
602 543 665 606 aaa
679 545 723 617 εἰς
744 539 801 624 τὴν
816 537 907 602 πόλιν
925 534 1022 617 ἔκαμε
1044 535 1097 600 τὸν
1117 541 1210 602 πλέον

113 641 239 726 καιρόν,
263 644 338 724 πρὶν
361 643 401 705 aci
422 643 478 724 τὴν
504 638 626 724 ἕπιὶρη,
649 639 795 720 ἔοοντας,
814 637 896 701 6ποῦ
918 637 1089 722 ripensem
1109 635 1126 699 6
1147 663 1209 702 πα·

113 745 210 824 τέρας
231 741 333 806 αὐτοῦ
348 739 483 805 ocularia·
497 739 686 825 Μοοροὶτης,
705 743 749 817 εἰς
767 737 825 821 τὴν
845 733 1111 819 Ἀδριανούπολιν.
1154 741 1210 802 καί

90 833 230 924 5ἥξεορε
249 838 285 904 τοὶ
305 839 465 920 Ῥωμαϊκὰ
481 838 581 904 πολλὰ
598 844 653 904 καί
669 841 854 923 λεπτότατα,
875 835 928 900 καὶ
948 834 1005 910 τοὶς
1023 835 1124 914 τάξεις
1146 838 1210 901 τοῖν

110 931 290 1020 ‘Puteolana
342 938 450 1004 λοιπὸν
486 938 651 1021 ἐθαύμασε
672 941 739 1014 πῶς
765 941 818 1002 aa
837 932 955 1021 ὑπῆγεν
975 933 992 997 6
1009 936 1209 1020 πατριάρχης

113 1037 153 1103 act
174 1036 229 1102 τόν
259 1039 474 1122 ε’προσκονὴση
503 1036 546 1113 ὥς
578 1039 715 1125 actvm,
746 1040 801 1102 καί
829 1033 985 1118 ἐθυμώθη
1017 1031 1135 1114 πολλά,
1154 1037 1210 1100 καί

113 1131 329 1219 ἐσυλλογίζετο
349 1141 385 1202 τί
401 1134 470 1202 ἔναι
490 1141 590 1207 τοῦτο.
633 1137 688 1202 καὶ
707 1140 740 1203 ἐν
756 1140 799 1224 τῷ
819 1132 888 1216 ἅμα
909 1132 1018 1217 ἔπραξε
1038 1131 1113 1210 τούς
1135 1140 1209 1219 κλη-

115 1232 234 1318 ρικούς,
256 1241 310 1300 καί
329 1230 414 1300 εἶπε·
457 1240 520 1302 ποῦ
541 1235 609 1302 ἔνοιι
638 1237 654 1302 6
674 1235 871 1320 πατριάρχης
891 1258 960 1320 σας,
980 1235 1036 1298 καί
1056 1238 1110 1300 atr
1128 1226 1209 1318 ἦλθι

76 1337 154 1400 rora
174 1359 216 1416 με
238 1334 457 1421 προσκονὴση,
480 1336 523 1411 ὥς
544 1339 719 1418 βασιλέως
757 1335 836 1400 διότι
870 1328 968 1407 τιν’τὸς
999 1332 1014 1398 6
1040 1334 1208 1410 οουλτοὶνος

116 1433 267 1514 ἕπεθτὶμα
287 1433 387 1499 πολλοὶ
408 1438 446 1500 ναὶ
469 1435 565 1520 tarta
585 1435 664 1517 μετοὶ
684 1437 741 1501 τοῦ
760 1433 962 1518 πατριάρχου
984 1437 1058 1516 περὶ
1076 1436 1209 1510 πίστεως

115 1538 173 1597 καί
192 1533 232 1597 aa
265 1537 369 1618 ἕρωτοῗ
389 1535 444 1598 καί
468 1537 507 1614 νοὶΙ
544 1533 692 1619 μανθάνῃ
722 1535 761 1600 τοὶ
792 1534 849 1600 τοῦ
878 1537 966 1599 θεοῦ.
1009 1529 1093 1614 ὅμως
1116 1526 1208 1596 εἶπον

113 1627 268 1696 αὗτοῦοῖ
298 1633 449 1718 κληρηκοί
478 1628 528 1697 ὅτι
560 1631 622 1696 ἀπὸ
657 1632 756 1698 πολύν
789 1633 900 1716 καιρὸν
929 1619 1128 1716 ποτ’ριοὶρχην
1155 1633 1208 1694 ὀὲν

113 1727 249 1812 ἔχωμεν,
270 1728 378 1816 ἐπειδὴ
401 1730 418 1794 6
440 1729 658 1816 πατριάρχης,
683 1731 761 1796 ὃποῦ
783 1724 866 1816 ἦτον,
887 1735 1107 1812 θελημοιτικοῖς
1128 1730 1207 1807 Coie-

73 1829 168 1904 15τός
187 1853 245 1892 του
268 1825 370 1914 ἔφηνε
397 1830 432 1894 τὸ
456 1834 575 1912 σκαμνί
591 1855 662 1911 τοι),
686 1834 740 1896 καί
767 1829 828 1894 οἷπὸ
858 1829 923 1894 τότε
944 1823 1038 1891 ἄλλον
1060 1829 1113 1892 aa
1132 1823 1208 1892 ἐκοί-

112 1951 213 2007 μαριε.
256 1928 311 1992 καί
332 1929 471 2004 ἄκου’σας
491 1935 580 1994 τοῦτο
600 1929 617 1991 6
644 1929 811 2004 σοολτοίνος
831 1927 967 1993 ἔπαυσεν
988 1926 1048 1990 οἷπό
1070 1922 1125 1990 τὸν
1145 1931 1208 1990 θα.

111 2025 176 2105 μὸν
194 2024 274 2090 ὁποῦ
295 2021 372 2112 εἶχε,
392 2029 447 2093 καί
467 2033 591 2112 θέλημα
612 2032 686 2104 τούς
708 2025 815 2113 ἔδωκε,
836 2029 890 2091 κατ’
903 2023 978 2100 τούς
999 2020 1077 2106 εἷπε,
1099 2020 1209 2089 ὃποιον

112 2127 230 2188 θέλονν
260 2124 298 2190 roi
328 2127 449 2208 κοὶμουν
476 2121 558 2191 ‘aurci
593 2126 649 2210 τὴν
670 2131 775 2192 πιότιν
805 2149 889 2200 τους.
944 2125 999 2189 καί
1016 2111 1209 2188 τοῦτο’ὁποῦ

113 2217 201 2288 εἶπεν
222 2223 240 2287 6
263 2227 449 2308 οονλτάνος,
481 2223 529 2292 ὅτι
551 2226 591 2293 νοὶ
611 2225 732 2310 adpone
752 2227 969 2310 ποιτριάρχην,
988 2225 1024 2290 ati
1049 2221 1147 2304 ἔκαμε
1165 2223 1208 2304 μὲ

68 2329 105 2382 20
115 2327 228 2408 τέχνην
248 2321 303 2388 διὰ
325 2321 364 2388 ati
384 2323 520 2389 οἰκούουν
542 2324 572 2390 οἱ
596 2329 786 2411 Χριστιανοὶ
808 2321 858 2390 ὅτι
880 2324 979 2408 ἔχουν
998 2321 1207 2408 πατριάρχην,

115 2425 172 2487 καί
190 2423 229 2488 νὰ
249 2423 386 2509 τρέχουν
407 2426 453 2501 εἰς
469 2425 527 2509 τὴν
547 2423 644 2490 πόλιν.

116 2746 204 2807 capta.
223 2744 289 2786 tunc
307 2737 354 2786 ille
371 2738 448 2788 scivit
460 2739 585 2788 Romania
604 2753 649 2787 seu
664 2735 773 2786 Graecia
792 2751 897 2806 semper
916 2734 999 2784 luisse
1020 2730 1207 2801 patriarcham,

116 2815 262 2876 propterea
291 2807 365 2876 quod
391 2807 440 2858 hac
458 2809 484 2856 in
516 2807 597 2868 urbe,
616 2815 759 2876 autequam
780 2821 838 2856 eam
857 2805 980 2874 cepisset,
1000 2803 1058 2870 ipae
1077 2803 1208 2852 maiorem

114 2879 244 2946 temporis
263 2886 365 2945 partem
388 2887 518 2945 exegerat,
537 2886 612 2946 patre
632 2878 713 2944 ipsius
725 2877 830 2927 lllurata
849 2874 1026 2942 Atlrianopoli
1044 2871 1211 2924 dominante

114 2958 194 3000 norat
203 2952 296 3017 itaque
307 2965 347 2999 rea
357 2951 487 2999 Romanas
498 2957 525 3000 et
536 2948 645 2999 ordines
656 2943 1115 3015 gubernationemqueRomanorum
1124 2941 1209 3010 probe

114 3029 142 3071 et
161 3028 264 3070 exacte.
280 3019 394 3088 proinde
404 3018 625 3088 mirabaturquid
637 3035 733 3068 causae
752 3027 823 3070 esset
837 3016 911 3087 quod
924 3012 1075 3086 patriarcha
1089 3029 1145 3063 uon
1162 3028 1209 3064 ve·

113 3093 187 3142 niret
202 3090 236 3140 ad
255 3107 283 3140 se
300 3092 458 3160 suppliciter
468 3091 578 3140 honoris
588 3106 674 3150 causa,
684 3107 732 3158 pro
744 3088 854 3140 domino
866 3103 1023 3156 agnoscens,
1032 3081 1125 3152 iiaque
1136 3100 1210 3134 com·

112 3169 206 3212 motus
223 3161 358 3228 cogitabat
368 3160 433 3230 quial
444 3160 495 3211 hoc
507 3162 544 3210 rei
556 3168 634 3210 esset.
655 3177 684 3209 ac
696 3163 824 3211 contiuuo
842 3159 931 3210 accitis
943 3156 1130 3210 ecclesiacticis
1147 3155 1210 3207 viria
1244 3168 1249 3174 “

115 3233 188 3282 dixit
206 3232 271 3282 “ubi
292 3239 332 3281 est
352 3233 398 3300 qui
417 3231 583 3300 patriarchae
602 3247 697 3281 monus
718 3231 818 3297 gessit?
854 3247 938 3300 quare
958 3245 1014 3280 uon
1035 3227 1155 3290 accessit,
1176 3233 1207 3276 ut

113 3303 185 3352 mihi
204 3311 332 3371 tanquam
355 3303 410 3370 regi
432 3303 609 3353 reverentiam
628 3301 746 3352 debitam
767 3300 942 3352 exhiberet?”
977 3299 1044 3350 haec
1064 3297 1209 3347 sultanusr

116 3389 215 3440 magna
234 3375 304 3423 enim
330 3374 387 3423 eius
407 3376 525 3423 animum
559 3374 706 3423 incesserat
734 3371 832 3442 cupido
857 3369 967 3422 videndi
984 3366 1162 3438 patriarcham
1183 3375 1211 3418 et

119 3461 181 3494 cum
199 3461 232 3494 eo
251 3443 285 3494 de
308 3444 438 3512 religione
458 3442 653 3512 colloquendi,
672 3451 701 3492 ut
721 3459 753 3492 ex
774 3459 806 3492 eo
826 3458 956 3510 quaerens
976 3457 1017 3490 res
1039 3437 1143 3488 divinas
1164 3455 1211 3488 co-

118 3515 269 3581 gnosceret.
290 3521 355 3564 tuno
374 3513 571 3582 responderunt
589 3516 613 3564 ei
629 3513 717 3566 clerici
736 3513 777 3562 illi
791 3512 861 3562 “iam
880 3528 896 3562 a
915 3512 996 3577 longo
1010 3517 1132 3575 tempore
1154 3523 1210 3557 nou

118 3585 252 3635 habemus
271 3585 455 3651 patriarcham.
502 3585 550 3653 qui
575 3585 647 3634 enim
673 3582 823 3652 patriarcha
841 3583 907 3643 fuit,
927 3598 973 3631 sua
995 3585 1102 3648 sponte,
1123 3576 1211 3628 adhuc

116 3657 221 3716 vivens,
240 3656 331 3705 sedem
350 3655 569 3724 suam,reliquit;
594 3663 622 3706 et
643 3654 678 3704 ab
702 3671 734 3704 eo
752 3664 875 3722 tempore
893 3653 998 3703 nullum
1020 3649 1104 3699 alium
1128 3651 1209 3698 suffe-

115 3729 228 3776 cimus.''
273 3724 324 3776 hoc
342 3743 387 3777 rex
405 3726 630 3776 autlitocessavit
648 3725 681 3774 ab
700 3727 738 3774 ira
755 3743 834 3795 quam
853 3729 1023 3792 conceperat,
1041 3735 1143 3786 atraque
1160 3734 1209 3768 vo-

115 3798 223 3848 luntate
242 3805 402 3864 potestatem
423 3799 461 3846 eis
480 3795 588 3846 creandi
608 3795 692 3856 dedit,
718 3795 808 3846 dicens
827 3803 891 3845 “vos
913 3811 974 3844 vero
998 3791 1077 3842 facite
1098 3789 1210 3856 patriar-

115 3867 208 3927 cham,
237 3883 425 3936 quemcunque
449 3865 564 3928 vhletia,
593 3884 625 3916 ex
645 3867 809 3935 praescripto
836 3865 975 3931 religionis
994 3863 1122 3913 vestrae.”
1158 3859 1210 3908 hoc

116 3947 227 3999 autem,-
244 3937 318 4005 quod
340 3938 378 3987 ita
407 3937 440 3986 de
463 3936 587 3986 faciendo
609 3937 759 4006 patriarcha
779 3937 865 3998 dixit,
884 3953 940 3986 nou
961 3947 1050 3983 amore
1071 3929 1210 3995 religionis

116 4007 151 4066 ab
172 4023 206 4056 eo
226 4006 326 4062 dictum
348 4009 418 4070 luit,
439 4007 487 4058 secl
505 4007 611 4057 callide·
649 4007 737 4058 voluit
756 4007 859 4057 scilicet
879 4013 909 4056 ut
929 4001 1087 4054 Christiania
1108 4000 1210 4067 ubique

117 4077 250 4144 dispersis·
266 4077 448 4128 innotesceret
466 4080 563 4128 iterum
591 4092 712 4145 praeesse
731 4075 929 4146 patriarcham,
955 4089 1010 4143 quo
1031 4069 1122 4121 'sicul
1142 4085 1209 4122 con·

116 4146 259 4200 serendum
276 4163 305 4198 se
322 4147 351 4198 in
370 4146 464 4198 urbem
480 4147 662 4201 allicerentur.
