2954 4816
519 241 836 306 rursrsncurcs.
1154 228 1229 310 ιιι

286 413 295 430 ··
358 389 565 452 ΡΑΦΑΗΑ
587 385 793 472 ιἰρομύναχος
823 387 988 474 όΣέρβος.

201 537 376 607 Ἐλθόντων
398 543 433 604 δὲ
447 545 585 624 μερικῶν
607 543 782 627 α’ρχιερέιον
802 542 883 624 persi
897 548 1068 626 βασιλικοῦ
1088 541 1226 626 ὁρισμοῦ

123 644 166 716 τίς
190 640 249 723 τήν
278 639 419 724 μεγοόλην
443 642 608 723 ἐκκλησίαν
639 641 693 706 ded
717 644 756 708 νιό
780 644 903 724 κύμουν
924 643 979 708 τόν
994 641 1141 730 Ῥαφαηλ
1162 671 1227 707 ιτα-

121 737 297 822 τριύρχην,
320 739 374 802 καί
401 739 444 813 ιός
469 731 559 824 ἦλθε,
579 737 701 821 ἔκαμον
722 741 799 817 τούς
816 743 947 828 ψήφους
969 743 1024 808 καί
1045 747 1102 822 τὴν
1121 767 1227 828 χιιρο.
1261 815 1265 824 ἱ

96 837 394 915 5τονίανοτανικός
429 862 510 913 τους.
562 840 617 902 καί
638 839 860 924 ἐχειροτονήθη
893 839 957 904 aiud
983 843 1040 904 τοῦ
1060 839 1227 924 Ἀγκύρας,

121 931 170 998 ότι
192 934 209 997 ό
227 933 435 1018 Ἡρακλείας,
456 936 530 1020 πρίν
545 939 619 1020 περὶ
638 937 677 1001 vd
700 941 849 1025 συναχθῇ
870 939 889 1023 ἦ
907 940 1048 1018 σύνοδος,
1068 939 1103 1002 τό
1125 938 1227 1020 ἔμαθε

120 1036 176 1098 καί
198 1033 299 1116 ἔγινεν
311 1037 455 1120 ἀσθενής,
477 1039 532 1099 καί
548 1032 564 1098 ό
581 1040 780 1119 Καισαρείας
801 1037 856 1103 καί
875 1035 891 1100 ό
908 1041 1037 1123 Ἐφέσου
1058 1035 1153 1120 ἔτυχε
1173 1037 1229 1102 καὶ

123 1136 176 1196 ter
199 1127 300 1216 η’λθαζ
344 1134 398 1197 καί
418 1134 462 1210 ιῦς
483 1131 537 1199 τόν
573 1133 825 1218 ἐχειροτόνησαν,
849 1135 905 1200 τόν
925 1131 1085 1218 οἷνέβασαν
1106 1138 1152 1210 είς
1172 1139 1227 1200 τόν

122 1231 359 1315 ποτριαρχικόν
378 1233 492 1314 θρόνον
515 1233 558 1308 ὥς
580 1233 795 1317 πατριάρχην.
843 1231 965 1316 ἔκαμον
987 1235 1022 1298 δέ
1046 1238 1128 1308 τινὲς
1149 1231 1226 1298 στύ.

87 1341 174 1394 ιθσιν
197 1326 249 1393 ότι
283 1329 321 1393 νύ
342 1335 442 1415 μηδὲν
468 1333 774 1415 σολλιιτουργὴσουν
803 1339 873 1412 μετ’
903 1333 1025 1398 αύτοῦ·
1074 1327 1140 1416 cipri
1162 1330 1225 1395 οἷιιό

122 1428 176 1491 τόν
202 1430 304 1513 φόβον
332 1453 405 1505 τους
432 1431 487 1493 καί
507 1431 650 1504 οτανικός
682 1453 754 1505 τους
786 1433 1103 1516 έσυλλειτούργησαν.
1153 1426 1227 1514 ἦτον

124 1529 159 1592 di
181 1528 276 1613 φίλος
296 1531 349 1614 τῆς
368 1535 470 1614 μέθης
484 1530 583 1593 πολλὰ
600 1531 656 1592 καί
675 1539 729 1612 τῆς
745 1533 912 1614 τραπέζης·
933 1531 988 1594 καί
1006 1533 1080 1594 καθ’
1095 1527 1226 1614 ἡμέραν,

124 1615 200 1689 ὅλου
229 1629 288 1690 τοῦ
309 1629 428 1710 χρόνου
451 1629 509 1703 τός
529 1629 661 1712 ἡμέρας,
683 1621 738 1692 ἶσα
759 1637 829 1704 Ιταῖς
851 1629 998 1713 ῦνιήγενε,
1018 1631 1109 1694 τόσον
1129 1627 1226 1693 νύκτα

123 1721 214 1788 atrita
236 1725 291 1790 καί
309 1727 425 1808 ἡμέρα,
450 1727 505 1792 καί
525 1721 600 1791 edre
620 1724 710 1809 οόρες,
734 1722 808 1791 odas
829 1724 992 1812 ἑσπερινόν
1006 1721 1077 1792 οῦττ
1098 1719 1227 1810 όρθρον,

85 1823 221 1897 ιιαύτός
236 1827 308 1888 nort
322 1827 375 1887 δέν
387 1819 494 1888 ἄκουε.
527 1829 583 1888 καί
602 1823 698 1888 ducite
719 1819 814 1909 ἤθελε
831 1823 887 1888 τόν
900 1827 1041 1911 ἐγνρέψη
1062 1823 1150 1900 τινός
1173 1821 1226 1886 daei

123 1922 237 2003 χρείαν
260 1920 329 1984 τινὰ
351 1920 569 2006 πνευματικήν
590 1917 612 2006 ἢ
637 1925 690 2018 dici
713 1923 832 2005 κρίσιν,
855 1924 989 1986 ιιάντοτε
1010 1920 1153 2006 νηστικός
1174 1925 1228 1984 dev

123 2011 205 2100 ἦτον,
228 2017 325 2098 μόνον
345 2026 555 2100 μεθοσμένος.
608 2023 664 2085 καί
684 2015 723 2085 όν
744 2023 849 2084 θέλετε
870 2018 909 2084 νύ
937 2023 1105 2100 τιισιέψεττ
1126 2023 1227 2102 τοῦτο,

122 2119 159 2204 τῇ
184 2123 302 2204 φρικτῇ
325 2117 428 2206 ἡμέρην
450 2123 506 2202 τῆς
529 2119 667 2204 μεγάλης
687 2123 890 2202 παρασκευῆς
912 2122 957 2194 εἷς
979 2119 1037 2201 τὴν
1067 2119 1225 2204 α’γρυιτνία

122 2219 186 2279 τιῦν
207 2215 303 2300 ἁγίων
325 2222 437 2281 ιιαθιῦν
459 2224 515 2282 τοῦ
535 2223 648 2302 κυρίου
673 2217 762 2302 η’μοῦν
780 2219 884 2301 Ἰησοῦ
903 2221 1052 2300 Χριστοῦ
1072 2211 1144 2300 η’τον
1165 2239 1224 2298 με.

85 2319 305 2396 ιθθοομένος,
337 2320 393 2380 καί
418 2314 540 2381 insessa
569 2319 615 2391 εἰς
640 2315 693 2380 τόν
721 2316 858 2398 θρόνον,
879 2319 934 2379 καί
955 2316 1017 2379 dud
1043 2315 1101 2398 την
1121 2319 1225 2398 μέθην

196 2473 239 2596 led.
261 2473 331 2559 ιῦρις
342 2471 402 2539 tiss,
412 2476 450 2526 ait
462 2475 625 2540 Theodosius,
645 2484 703 2527 ιιιιιι
715 2480 812 2547 καιροὶ
830 2473 875 2530 ὅτι
889 2474 1009 2546 ᾅδουσιν
1019 2478 1048 2536 ἐς
1056 2463 1131 2534 ναόν
1144 2477 1223 2530 θεοῦ.

218 2563 315 2597 rusius.

308 2673 381 2724 Vlll.
419 2673 448 2722 P.
469 2671 648 2724 RHAPHAEL
668 2671 894 2724 hieromouachus
915 2671 1032 2724 Servius.

190 2797 287 2848 Edicto
308 2797 379 2864 regio
396 2805 581 2848 convenerunt
599 2797 724 2848 nonnulli
744 2797 895 2847 sacerdotes
914 2797 1034 2865 primarii
1054 2797 1080 2845 in
1100 2813 1220 2862 magnam

125 2868 267 2918 ecclesiam
288 2867 322 2917 ad
349 2867 500 2918 laciendum
519 2866 698 2936 patriarchatu
725 2866 914 2934 Rhopliaelem.
953 2868 1077 2934 quicum
1096 2867 1221 2930 venisset,

125 2939 248 3003 sutfragia
270 2945 298 2988 et
319 2935 532 3004 designationem
552 2939 666 3004 aggressi
688 2946 749 2986 sunt
769 2945 875 3004 praeter
893 2935 1060 2986 voluntatem
1080 2951 1153 2984 suam
1173 2953 1219 2985 or·

125 3008 232 3058 dinatus
255 3009 347 3074 itaque
368 3007 402 3056 ab
421 3011 558 3074 Ancyrano
579 3015 630 3068 est,
650 3009 713 3076 quia
734 3006 928 3066 Heracleensis,
949 3013 1012 3055 aute
1032 3007 1220 3072 congregatio·

123 3094 183 3126 nem
204 3076 300 3142 synodi
320 3076 371 3125 hoe
389 3079 542 3137 resciscens,
560 3085 696 3142 aegrotare
717 3077 812 3143 coepit.
849 3073 947 3124 accidit
967 3092 1077 3144 quoque
1098 3084 1126 3126 ut
1148 3075 1220 3124 Cae·-

124 3148 251 3196 sariensis
272 3153 300 3195 et
319 3146 449 3224 Ephesius
468 3163 523 3196 non
542 3147 676 3195 venirent.
713 3153 821 3214 peracta
840 3145 1012 3195 ordinatione
1032 3143 1220 3195 subduxerunt

123 3215 259 3266 hominem
273 3217 301 3263 in
321 3215 525 3282 patriarchicum
544 3223 696 3280 suggestum
717 3226 746 3264 ut
767 3214 953 3282 patriarchatu.
989 3215 1054 3264 certi
1075 3231 1137 3266 vero
1156 3217 1219 3283 qui-

124 3287 183 3334 dam
204 3284 366 3335 seditionem
389 3286 519 3346 iecerunt,
539 3302 573 3333 ue
588 3302 647 3334 cum
669 3285 727 3352 ipso
745 3285 866 3349 liturgias
883 3285 1013 3338 facerent:
1034 3291 1106 3333 metu
1127 3294 1219 3335 tamen

123 3355 242 3422 perculsi
274 3355 317 3406 vel
351 3355 429 3408 inviti
449 3371 501 3404 una
530 3356 609 3404 sacris
628 3356 731 3422 operati
752 3362 823 3402 suut.
871 3361 929 3403 erat
947 3369 1026 3420 porro
1045 3353 1171 3404 ebrietati
1191 3362 1219 3404 et

124 3425 250 3492 crapulae
269 3425 382 3474 inultum
403 3423 525 3474 deditus:
554 3425 607 3474 iuro
629 3423 751 3493 quotidie
781 3437 830 3488 per
850 3429 936 3471 lotum
957 3423 1020 3470 anui
1043 3421 1135 3471 orbern
1158 3423 1218 3472 hel·

125 3494 225 3544 luando
246 3494 304 3542 (lies
324 3505 351 3543 et
369 3503 462 3544 noctes
483 3493 634 3542 huiusmodi
649 3509 751 3543 morum
768 3491 948 3541 dissolutione
967 3489 1132 3552 traducebat,
1153 3494 1217 3540 nul-

124 3565 161 3614 las
180 3565 325 3614 canonicas
344 3564 433 3624 ironis,
455 3580 505 3613 neo
525 3565 759 3630 vespertinasnec
777 3561 930 3618 matutinas,
950 3559 1008 3626 ipse
1027 3575 1145 3626 unquam
1166 3578 1217 3609 au-

125 3633 208 3684 diens.
249 3635 464 3702 quotiescunque
482 3634 591 3701 aliquis,
610 3641 656 3683 aut
676 3641 788 3700 propter
813 3631 999 3680 necessitatem
1018 3637 1045 3679 et
1066 3646 1141 3678 usum
1161 3632 1218 3697 spi-

126 3705 229 3754 ritalem
247 3711 295 3752 aut
312 3714 422 3771 propter
443 3701 649 3763 iusdiceudum,
671 3706 756 3770 ipsum
777 3699 935 3769 quaerebat,
955 3715 1092 3768 uunquam
1113 3699 1217 3749 sobrius

126 3783 181 3824 erat
200 3772 249 3823 sed
269 3789 375 3840 semper
395 3773 493 3823 ebrius.
531 3772 605 3841 (quod
626 3780 656 3822 ut
676 3773 758 3836 magis
772 3770 904 3830 credatur,
925 3769 968 3821 aio
986 3771 1044 3839 ipso
1064 3769 1217 3820 venerando
1267 3797 1274 3804 ·

126 3859 236 3907 magnae
255 3843 411 3893 Parasceues
431 3843 486 3905 die,
505 3843 615 3912 quando
634 3841 817 3890 sanctissimae
831 3841 970 3908 passionis
1010 3840 1112 3888 domini
1132 3840 1226 3889 nostri·

127 3913 183 3962 lesu
195 3913 295 3962 Christi
311 3911 480 3963 meditationi
499 3910 693 3979 invigilandum
710 3918 775 3970 erat,
794 3911 879 3976 ipsum
894 3911 956 3959 vino
971 3909 1109 3976 oppletum
1127 3908 1218 3958 luisse.

128 3985 232 4032 stetisse
246 3981 355 4051 quider'n
368 3985 395 4034 in
407 3982 515 4043 throno,
535 3999 625 4032 verum
640 3997 703 4048 prae
713 3980 844 4030 ebrietate
857 3979 1003 4029 consistere
1020 3993 1075 4027 non
1087 3980 1217 4044 potuisse,

129 4051 175 4102 sed
195 4051 228 4101 ds
248 4069 326 4101 uranu
347 4053 404 4102 cius
424 4061 557 4122 sceptrum
583 4067 686 4102 sacrum
711 4049 849 4100 cecidisse.
892 4048 921 4098 id
942 4047 1023 4097 latinio
1044 4045 1153 4115 quidam
1171 4065 1218 4100 su-

186 4159 252 4211 Hist.
268 4168 339 4233 patr.
361 4160 411 4211 cl’.
738 4225 741 4230 Ι
1014 4153 1032 4205 8
