2922 4824
251 303 303 384 ts
700 309 895 384 ursroart

157 509 159 518 ι
254 475 409 553 λέγεται.
451 464 523 534 ε’πεί
548 467 584 531 δὲ
610 465 667 528 οδκ
699 469 860 531 ἐπείθοντο
882 460 912 527 οἱ
934 465 1140 547 συκοφάνται,
1164 464 1276 550 α’νίοτη
1298 470 1347 543 είς

254 571 290 635 τό
316 573 414 650 μέσον
436 567 491 636 καί
519 564 720 642 ἔπανατείνας
749 564 788 628 τό
822 560 984 648 κράσπεδα
1004 565 1068 626 τεόν
1089 561 1223 642 ἱματίων
1242 561 1347 631 αότοῦ

254 665 353 747 ἔδειξε
375 671 460 733 πόσι
473 664 528 740 τός
559 661 680 748 σάρκας
703 665 818 744 nitori,
839 687 892 728 και
887 659 1030 737 ἰδόντες
1051 656 1261 743 ἐθαύμασαν·
1305 667 1348 727 ου’

254 764 316 848 γάρ
337 767 439 850 ἐφάνη
451 789 481 826 τι
493 767 525 840 ἐξ
539 755 582 828 ὧν
602 761 828 847 κατηγόρησαν,
846 756 915 825 cill’
929 756 1079 836 ἔδειξεν“
1066 761 1186 826 σαυτόν
1202 761 1263 826 υπό
1288 766 1346 847 τῆς

254 865 417 949 α”σκησειος
435 860 476 937 ὥς
497 857 635 945 όσαρκον
646 863 744 926 εἰπεῖν
766 862 908 943 καθαρόν
919 883 951 925 τε
972 863 1027 924 καί
1040 865 1215 942 παρθένον·
1241 861 1373 948 ἐφόνηὸ

254 967 314 1047 γάρ
339 988 370 1027 τι
388 963 484 1044 μόνον
506 965 631 1046 δέρμα,
653 970 782 1045 σημεῖον
805 959 1018 1044 α’περιτμὴτου
1042 959 1166 1043 αὐδρός.
1210 965 1349 1044 αἰσχυν-

255 1066 361 1138 θέντες
381 1054 435 1125 σόν
458 1057 487 1125 οἱ
506 1060 642 1134 εἰπόντες
657 1058 856 1124 πεπτώκασιν
879 1061 925 1133 είς
945 1058 1022 1134 τσός
1042 1059 1141 1134 πόδας
1164 1061 1267 1125 αότοιῖ
1286 1067 1348 1127 τοῦ

256 1164 459 1244 συγχωρῆσαι
482 1157 539 1242 τὴό
564 1159 689 1222 α’δικιάν
718 1157 772 1221 καί
803 1161 1037 1242 συκοφαντίαν,
1066 1154 1105 1242 ἢν
1135 1158 1215 1241 πρός
1245 1159 1350 1225 αότόν

186 1304 190 1314 ·
257 1258 451 1342 ἐποιήσαντο.
505 1260 704 1340 παρεκάλουν
741 1259 774 1320 δὲ
800 1255 896 1320 ου’τόν
926 1255 981 1319 καί
1000 1257 1113 1332 πάντες
1137 1256 1165 1322 oi
1187 1261 1349 1343 ἀρχιερεῖς

257 1361 311 1422 καί
329 1361 386 1431 πᾶς
408 1352 423 1418 ό
445 1355 521 1432 λαός
539 1356 745 1438 συγχωρῆσαι
762 1356 869 1430 αότοῖς
888 1359 942 1418 καί
952 1357 1058 1434 μένειν
1078 1359 1113 1420 ἐν
1136 1361 1177 1444 τῷ
1192 1383 1349 1441 πατριαρ-
1361 1365 1394 1418 10

257 1460 344 1543 χείρ.
385 1453 483 1528 αότός
505 1457 541 1518 δὲ
565 1455 632 1516 οὐδ’
656 1451 736 1528 όλανς
759 1455 833 1516 ericii
854 1448 1059 1518 κόίνοίκοῦσαι
1081 1455 1244 1540 η’θέλησεν,
1265 1455 1350 1520 ἀλλὰ

259 1556 385 1626 σταθείς
405 1557 564 1640 παρρησίᾳ
586 1551 723 1637 η’φόρισε
746 1551 801 1615 καί
821 1553 1019 1635 κατηράσατο
1040 1563 1105 1628 τοῖς
1126 1553 1352 1642 συκοφάνταις,

260 1657 314 1716 καί
332 1645 451 1726 εόθὲιος
481 1655 591 1733 ἐξῆλθε
620 1654 673 1733 τῆς
697 1652 816 1724 πόλεως
847 1651 927 1731 μετὰ
961 1656 1018 1733 τῆς
1039 1657 1223 1733 περιουσίας
1245 1655 1352 1738 πόσης

260 1752 366 1818 αὑτοῦ.
417 1749 471 1814 καί
498 1749 670 1831 πορευθείς·
696 1743 814 1836 ᾤκησεν
841 1751 875 1814 όν
902 1751 946 1836 τῇ
960 1753 1039 1838 μονῇ
1070 1754 1126 1834 τῆς
1150 1755 1369 1838 Κασινίτζης,

161 1876 163 1885 ’
233 1923 235 1934 1
259 1855 313 1916 καί
330 1851 475 1932 ἐποίησεν
498 1841 682 1929 α’νακτησεις
702 1848 989 1934 καίκαλλιεργείας
1012 1849 1067 1912 οὐκ
1089 1851 1205 1934 δλίγας.
1247 1851 1352 1933 ἔμεινε
1365 1867 1397 1918 15

259 1953 294 2014 δὲ
316 1952 349 2013 ἑν
368 1949 407 2034 τῇ
428 1947 510 2032 αὐτῇ
529 1948 694 2034 μανῇζιόν
716 1948 750 2011 ἐν
768 1944 886 2035 εἰρήνη.
910 1987 912 1993 2

342 2045 551 2127 Ἀνεβίβασαν
571 2046 605 2109 tt
627 2043 721 2110 πόλιν
749 2049 794 2121 εἰς
821 2045 875 2109 τόν
897 2043 1128 2128 πατριαρχινιόν
1157 2045 1273 2130 θρόνον
1293 2046 1354 2113 τόν

261 2139 368 2227 κόριον
389 2147 556 2224 Συμεῶνα.
613 2145 652 2207 ου’
682 2143 743 2226 γόρ
785 2145 941 2228 η’θέλησεν
971 2143 988 2208 ό
1018 2146 1215 2229 τευτεντέρης
1243 2151 1355 2228 λαβεῖν
1410 2205 1417 2216 ,

219 2247 387 2328 espicopus
408 2246 520 2324 χίλια,
550 2235 597 2306 ότι
619 2243 799 2326 ευρέθησαν
828 2248 1028 2358 γεγραμμένα
1048 2241 1192 2325 χιλιόδες
1214 2244 1271 2310 δόο
1291 2249 1354 2310 τοῦ
1458 2317 1459 2338 η

262 2343 451 2406 Διονυσίου·
494 2340 641 2424 τοιαύτην
661 2340 722 2424 γὰρ
746 2339 925 2423 ε”χουσιτην
946 2343 1126 2426 συνήθειαν,
1151 2341 1400 2414 incitaturus
1458 2341 1459 2381 l

264 2431 304 2502 οό
322 2439 431 2525 γραφῇ
450 2436 495 2522 μη
519 2442 662 2523 ζητοῦσιν,
684 2438 765 2504 uilici
786 2461 837 2504 και
860 2444 963 2508 πλέον.

969 2557 972 2582 l

263 2669 321 2704 sum
345 2651 436 2702 fuisse.
471 2651 586 2722 proinde
602 2652 718 2704 concilio
739 2651 851 2715 indicto,
876 2669 935 2703 cum
956 2668 989 2704 eo
1011 2653 1181 2705 convenisset
1197 2669 1291 2722 magna
1310 2655 1353 2706 ris

263 2725 448 2792 episcoporum
467 2723 706 2792 metropolitanum
727 2732 755 2774 et
772 2723 857 2775 totius
877 2723 959 2791 ferme
977 2723 1152 2774 ecclesiastici
1165 2723 1284 2786 ordinis,
1302 2724 1354 2776 ille

264 2795 302 2844 eis
324 2795 497 2844 confirmabat
518 2794 681 2846 delationem
704 2795 779 2846 illam
803 2795 1015 2846 nullaveritate
1033 2795 1091 2856 niti,
1116 2793 1164 2844 secl
1184 2794 1278 2846 salsum
1298 2797 1354 2846 cri-

262 2882 323 2916 men
343 2881 409 2917 esse.
442 2882 500 2916 curn
529 2861 607 2916 fidem
629 2864 867 2918 calumniatoribus
895 2881 951 2916 non
983 2865 1101 2926 faceret,
1126 2866 1203 2918 stetit
1234 2866 1279 2918 in.
1292 2885 1355 2920 me·

262 2936 307 2988 dio
333 2935 446 3002 synodi,
474 2946 603 3006 vesteque
630 2937 736 2988 sublata
762 2937 880 3003 genitale
913 2936 1078 2987 monstravit.
1130 2953 1170 2988 ree
1196 2937 1262 2988 mira
1284 2955 1354 2988 cun-

262 3007 312 3058 ctis
339 3008 409 3058 visa.
440 3007 515 3056 nulla
550 3008 621 3066 euim
653 3007 776 3074 apparuit
814 3015 877 3057 uota
912 3007 1030 3056 criminis
1059 3005 1272 3090 comprobarit,
1304 3008 1374 3060 sed·

263 3095 277 3128 α
297 3085 429 3146 perpetua
446 3077 631 3127 continentiae
649 3076 842 3131 exercitatione
871 3076 929 3145 ipse
958 3093 1042 3145 prope
1061 3079 1147 3128 carnis
1167 3087 1306 3161 expertem
1326 3088 1356 3132 et

264 3147 387 3212 virginali
414 3147 539 3198 castitate
567 3163 662 3214 purum
691 3163 719 3196 se
745 3147 860 3198 concilio
892 3147 1024 3215 probavit.
1061 3156 1165 3200 tantum
1190 3151 1261 3200 enirn
1282 3151 1354 3200 cutis

265 3215 409 3286 quaedam*
423 3219 566 3286 apparuit,
586 3224 687 3268 testans
707 3217 918 3268 incircumcisum
944 3217 1087 3268 hominem.
1124 3219 1229 3270 confusi
1249 3220 1355 3286 pudore

264 3287 410 3340 adversarii
436 3287 470 3338 ad
497 3287 581 3372 pedes
611 3288 668 3338 eius
693 3287 866 3348 acciderunt,
890 3289 996 3340 reniam
1017 3288 1206 3340 iniustissimae
1226 3289 1356 3343 adversus

171 3368 174 3372 ’
266 3359 352 3442 ipsum
371 3359 565 3410 criminationis
583 3367 610 3410 et
629 3359 778 3410 calumniae
791 3367 906 3412 orantes.
927 3358 1133 3410 intercedebant
1148 3375 1199 3443 pro
1208 3361 1246 3412 eis
1259 3378 1355 3414 omues

265 3430 346 3480 etiam
366 3429 433 3480 sacri
451 3431 594 3494 antistites,
614 3446 721 3498 [tuaque
731 3431 854 3502 populus
872 3437 959 3480 totus:
979 3431 1129 3495 ignosceret
1149 3431 1223 3498 ipsis,
1245 3441 1273 3482 et
1290 3449 1352 3482 ma-

264 3509 341 3552 neret
360 3499 403 3558 iu
415 3499 603 3569 patriarchatu
652 3501 700 3551 ille
726 3518 760 3554 ne
788 3501 913 3552 extremis
941 3500 1050 3569 quidem
1074 3502 1200 3552 auriculis
1220 3502 1355 3554 sustinere

265 3588 366 3640 preces,
388 3571 436 3622 sed
455 3581 528 3622 stans
546 3573 615 3622 clara
635 3587 699 3621 voce
717 3571 832 3623 exclusit
849 3571 1037 3622 commuuione
1056 3571 1186 3622 ecclesiae
1200 3581 1228 3623 et
1245 3590 1355 3626 execra-

265 3651 307 3693 tus
326 3649 367 3692 eat
384 3640 575 3724 sycophantu33
606 3641 727 3711 urbeque
748 3643 882 3712 externplo
902 3642 985 3692 exivit
1011 3643 1144 3693 cumanis
1166 3641 1245 3694 rebus
1266 3645 1357 3696 omni·

267 3713 326 3773 bus,
345 3721 372 3763 et
391 3715 419 3762 in
441 3713 631 3764 monasterium
659 3711 809 3763 Cusinitzae
836 3730 864 3763 se
883 3713 1007 3763 contulit.
1045 3711 1163 3764 ubinon
1188 3730 1273 3782 pauca
1291 3721 1358 3766 sunt

265 3800 335 3852 quae
355 3790 461 3852 sumptu
485 3800 534 3833 suo
552 3783 711 3834 instauravit
731 3783 810 3834 etde
829 3800 899 3835 novo
919 3782 1031 3852 pulchre
1045 3783 1120 3834 sccit.
1155 3785 1252 3836 mansit
1269 3785 1299 3838 in
1321 3797 1365 3838 eo·

264 3855 336 3916 loco,
356 3869 415 3903 curn
438 3869 502 3920 pace
523 3854 635 3936 otioque
653 3854 753 3904 vivens

337 3921 511 3976 patriarchico
533 3923 600 3974 solio
623 3924 660 3974 ita
678 3941 763 3974 vacuo
790 3923 884 3975 reIIcto
904 3923 1096 3989 Synreonem
1089 3941 1115 3974 rn
1135 3922 1166 3976 id
1182 3903 1358 3988 reduxerunt,

265 3993 335 4046 datis
354 4013 401 4063 pro
421 4009 530 4044 munere
562 3993 602 4045 bis
632 3993 706 4044 mille
734 3995 829 4046 aureis
877 3995 1002 4044 uoluerat
1029 3994 1097 4044 enim
1120 3997 1207 4061 regius
1227 4005 1360 4064 quaestor

246 4067 319 4115 'uuo
340 4067 414 4116 mille
435 4073 577 4116 contentus
599 4082 665 4126 esse,
686 4081 717 4115 eo
737 4065 835 4133 quud
829 4083 856 4116 m
875 4063 1023 4116 rationibus
1035 4081 1089 4116 snio
1110 4063 1163 4115 duo
1182 4066 1284 4116 milia'
1276 4083 1359 4120 ruve-

264 4137 334 4186 niret
363 4128 495 4219 adscripta
524 4135 658 4202 Dionysio.
695 4134 851 4186 haeceniru
875 4134 1358 4199 illisconsuetudoest‚utn1inus

265 4219 344 4278 quam
363 4207 490 4276 scriptum
509 4215 583 4258 extet
603 4223 658 4258 uon
680 4207 797 4274 exigant,
820 4206 866 4258 sed
886 4207 975 4276 potius
993 4206 1063 4274 plus.
