2922 4824
216 311 219 314 ,
269 251 316 320 ιν
723 243 918 328 Ηιενοειε,

265 395 621 486 censuissemus*
641 403 801 486 κυριεύσει
823 406 946 478 ἐκεῖνος.
993 396 1211 481 άπδκτεινε,δὲ
1225 403 1280 465 καί
1300 392 1363 466 άλ-

178 514 181 518 ’
266 510 340 576 λους
362 499 497 578 πολλούς
518 504 706 584 μεγιστᾶνας
737 507 791 568 καί
821 503 943 587 κριτάς,
978 499 1030 567 τὸν
1057 502 1280 596 Δεκανίκογχη,
1303 500 1363 565 τύν

263 603 525 670 ΙΓιανουσπασιόιν
539 603 593 664 καί
606 594 721 676 ἄλλους
739 599 876 677 ἱκανούς.
920 603 1051 666 διέκειτο
1066 605 1102 666 δὲ
1122 599 1201 682 πρὸς
1218 599 1254 664 τό
1280 597 1361 682 ipe·

215 769 223 774 ,
264 721 355 782 τερον
376 701 462 780 γένος
483 702 597 782 καλῶς,
618 703 675 763 καί
695 703 807 790 η’νὲιρξε
822 701 877 766 καί
896 698 991 776 ναούς
1011 687 1276 788 ἤμεεὲρουςλούς
1297 722 1360 796 περ

189 825 190 828 ’
263 799 445 876 άπέιιλεισεν
468 796 485 862 ri
506 797 611 881 πατὴρ
634 797 745 865 αύτοδ.
1371 812 1391 864 5

218 908 252 962 tl
366 899 412 960 Ἑν
441 895 532 986 ὀλίγῳ
560 901 596 961 δὲ
625 899 790 980 στρατεύει
817 896 897 960 κατά
929 900 984 980 τῆς
1016 899 1162 982 Περσίας
1189 898 1248 960 τού
1285 895 1360 980 Σάχ

183 1021 185 1030 ’
230 1073 233 1083 Ι
257 995 396 1078 Ἰσμαὴλ,
417 991 452 1074 ὃς
473 989 513 1082 ἦν
532 994 602 1074 υἱὸς
615 999 742 1078 Χαϊτύρ
758 1003 812 1064 καί
827 990 917 1072 οὗτος
937 1001 995 1062 τού
1008 998 1171 1079 τζουνεπῆ,
1193 999 1228 1061 εἰι
1246 1001 1359 1079 γένους

259 1094 467 1178 καταγόμενοι
486 1103 543 1162 τού
561 1092 650 1180 ’Aug
672 1092 706 1172 ὃς
728 1089 766 1180 ἦν
788 1101 839 1162 ἐπ’
859 1099 982 1186 ἀδελφῇ
1008 1095 1151 1180 γαμβρὸς
1170 1098 1227 1160 τού
1248 1095 1358 1163 Moat-

259 1200 333 1275 μεθ.
376 1189 457 1279 ἦσαν
478 1199 513 1260 δὲ
538 1201 689 1277 σεΐτιδες,
712 1196 835 1280 ἔχοντες
860 1201 953 1262 Terris
976 1196 1031 1261 καί
1048 1196 1154 1278 χωρία
1176 1193 1276 1260 πολλά
1298 1195 1358 1259 καί

258 1294 338 1358 λαδν
359 1293 467 1360 πολύν·
509 1293 525 1360 ὅ
546 1297 671 1373 πάππος
695 1301 730 1361 δὲ
749 1291 849 1362 αύτού
869 1291 908 1382 ἧν
930 1293 965 1371 ύς
986 1295 1123 1378 ἐπάτησε
1145 1294 1203 1376 τάν
1228 1301 1403 1378 Tenus-10

259 1396 374 1473 ζούντα
397 1393 453 1459 καί
483 1395 583 1460 πολλά
612 1397 843 1482 ᾐχμαλώτισεν.
897 1393 974 1461 ὅθεν
997 1399 1138 1480 κινηθείς
1170 1390 1186 1456 ὅ
1216 1394 1355 1460 σουλτάν

258 1495 458 1578 Μεχεμέτης,
481 1499 535 1558 καί
555 1495 651 1560 εἰπάν
681 1490 726 1560 ὅτι
758 1494 813 1578 ἐάν
836 1501 953 1570 ἐκεῖνος
980 1498 1109 1560 τοιαῦτα
1130 1498 1269 1578 ἐποίησε,
1294 1493 1355 1558 πά-

258 1615 315 1654 οον
338 1595 431 1656 πλέον
453 1593 574 1678 noricas
598 1595 715 1676 αύτύς,·
738 1599 925 1679 ἐστράτευσε
944 1593 1023 1660 κατά
1042 1597 1277 1679 Τραπεζοῦντος
1298 1600 1356 1660 καί

259 1687 434 1757 ἐδούλωσεν
455 1696 564 1778 αύτήν.
593 1689 643 1759 ὅτε
664 1697 719 1760 καί
739 1694 923 1760 σκανδάλων
953 1696 1075 1760 πολλῶν
1098 1697 1153 1758 καί
1172 1696 1354 1760 άκοταστα.

258 1794 336 1856 σιούν
364 1797 536 1875 γενομένων
556 1798 589 1860 ὲν
612 1797 758 1882 Περσίᾳ)
794 1793 941 1876 ἔπεμψαν
963 1795 1013 1859 ἵνα
1035 1793 1113 1882 ἔλθῃ
1136 1817 1183 1869 τις
1203 1795 1399 1876 Ἐμυρζὲςῐὸ

257 1889 422 1974 λεγόμενος
444 1899 498 1958 καί
516 1893 668 1980 κυριεύσῃ
690 1898 850 1980 Περσίας,
881 1891 900 1958 t
922 1898 979 1958 ούκ
999 1897 1130 1978 ἐγένετο.
1178 1893 1295 1975 μαθών
1316 1897 1354 1958 δὲ

258 1988 276 2051 ά
301 1986 372 2071 Σάχ
391 1993 553 2077 Ἰομαΐλης
582 1994 639 2068 τάς
672 1995 821 2070 τοιαύτας
856 1993 1091 2068 α’καταστασίας
1111 1997 1166 2056 καί
1185 1991 1354 2077 α’ναρχίας,

257 2088 449 2174 εἰσπηδήσας
471 2091 566 2173 ἔλαβε
600 2094 659 2176 τὴν
679 2086 785 2177 α’ρχῆν
807 2095 904 2158 κόπου
927 2097 1036 2176 χωρίς.
1088 2092 1211 2177 ὑπῆρχε
1231 2096 1267 2156 δὲ
1291 2093 1353 2156 cri·

256 2185 313 2261 τύς
336 2191 370 2250 ἐκ
392 2195 501 2270 γένους
522 2191 640 2256 ἐκείνου
662 2195 695 2256 ἐκ
717 2197 772 2276 τῆς
794 2199 853 2258 τού
877 2191 1001 2268 Ούζούν
1025 2183 1166 2274 Χασάνή
1181 2191 1353 2275 θυγατρός.

256 2285 421 2368 ἐκυρίευσε
450 2291 486 2354 δὲ
510 2290 610 2355 πάντα
634 2291 728 2356 τύπον
753 2295 809 2356 καί
833 2293 944 2374 χώραν
963 2289 1021 2364 ἕως
1041 2293 1244 2372 Βαβυλῶνος,
1266 2295 1398 2366 Euo-20

255 2389 341 2466 δίας,
361 2387 510 2464 Κασπίας
530 2393 695 2476 θαλάσσης
715 2395 771 2456 καί
789 2394 886 2476 μέχρι
907 2392 1057 2456 ιύιιεανού.
1099 2384 1222 2475 ηύξὴθιγ
1243 2393 1278 2455 δὲ
1298 2390 1351 2455 τά·

254 2689 425 2760 Mustapham
439 2691 553 2754 bassam,
572 2699 682 2762 propter
696 2693 802 2744 fratrem
815 2692 987 2744 Achumuturn
998 2691 1159 2754 inimicatus,
1180 2691 1253 2762 quod
1272 2691 1346 2744 hrruc

254 2759 302 2812 iile
324 2778 501 2814 successorem
522 2765 550 2814 in
570 2781 650 2830 regno
670 2771 697 2814 et
718 2765 858 2816 dominum
879 2763 1050 2834 relinquendi
1071 2780 1164 2814 srrssor
1182 2763 1252 2831 patri
1274 2764 1344 2812 irris-

253 2840 303 2883 set.
324 2835 461 2886 interfecit
483 2843 510 2886 et
531 2836 680 2902 complures
707 2837 775 2887 aiios
796 2849 918 2904 proceres
939 2845 966 2887 et
984 2836 1096 2894 iudices,
1110 2833 1342 2896 Decacinouchen,

253 2901 369 2955 Gianurn
403 2906 523 2968 bassam,
546 2907 613 2956 alios
640 2907 704 2956 satis
728 2908 835 2958 multos.
866 2915 900 2958 =at
928 2907 997 2958 bene
1017 2921 1078 2972 erga
1095 2915 1212 2957 nostram
1234 2903 1344 2972 gentem

252 2977 384 3026 animatus
405 2983 470 3038 eret,
487 2978 619 3027 nonnulla
646 2977 725 3028 nobis
753 2979 915 3048 templorum
943 2986 1095 3028 nostrorum
1116 2978 1248 3047 aperiens,
1271 2993 1343 3046 qnae

251 3053 329 3117 puter
350 3047 406 3096 eius
428 3048 517 3096 clausa
536 3055 667 3097 tenuerat.

323 3132 408 3182 Pauca
426 3133 568 3184 interiecto
589 3141 710 3202 tempore
729 3131 930 3202 expeditionem
952 3133 980 3184 in
998 3133 1088 3184 Persas
1110 3133 1230 3200 suscipit,
1251 3147 1341 3198 regern

249 3197 389 3253 ismaelem
410 3211 511 3271 petens,
533 3204 618 3254 filium
638 3203 785 3266 Chaitaris,
805 3205 929 3274 Zuuepae
950 3213 1095 3271 nepotem,
1118 3206 1198 3269 ionga
1218 3203 1287 3252 serie
1307 3219 1341 3252 ex

240 3287 347 3341 genere
365 3273 407 3324 Ati
427 3275 651 3336 descendentem,
676 3275 722 3343 qui
743 3275 805 3324 ritus
824 3261 943 3326 sororeni
970 3274 1087 3325 doctoris
1107 3275 1292 3326 Machametae
1310 3274 1341 3324 iu

248 3343 421 3396 matrimonio
449 3345 589 3402 habuerat.
636 3354 712 3396 erant
736 3347 802 3396 sacri
831 3347 982 3408 antistites,
1006 3347 1140 3397 Tecenam
1166 3349 1290 3397 tenentes
1312 3353 1341 3395 et

246 3413 307 3464 loca
324 3417 408 3466 muita
428 3419 513 3468 multo
532 3435 590 3468 curn
609 3419 720 3488 populo.
759 3435 822 3466 avus
842 3420 899 3468 eius
921 3417 1008 3468 fueret
1027 3417 1049 3467 is
1067 3417 1114 3486 qui
1132 3419 1160 3468 in
1177 3419 1338 3482 'srapezun-

246 3485 314 3536 tium
335 3503 426 3556 agrum
445 3489 594 3556 irruperat,
620 3489 712 3538 multis
731 3487 843 3556 captivis
863 3487 995 3538 abductis.
1033 3505 1086 3556 quo
1113 3489 1171 3538 eius
1192 3487 1263 3538 sacto
1280 3487 1339 3536 sui-

246 3563 327 3608 tanus
347 3558 513 3609 Mechemeta
534 3567 622 3610 motus
648 3559 717 3608 dixit
736 3567 752 3590 ¹⁶
772 3561 793 3607 si
823 3557 870 3608 ille
892 3561 956 3610 tatia
976 3558 1049 3620 fecit,
1070 3567 1171 3625 quanto
1193 3557 1274 3623 magis
1294 3556 1339 3606 fa-

244 3627 312 3678 ciam
333 3629 418 3696 egoi'’
454 3631 546 3698 itaque
565 3638 658 3680 contra
679 3627 875 3694 Trapezuntem
905 3631 1021 3679 exercitu
1051 3627 1132 3678 ducto
1152 3629 1220 3678 hanc
1242 3627 1337 3678 urbem

213 3739 217 3754 ,
243 3698 271 3748 in
293 3701 449 3750 servitutem
472 3701 582 3767 redegit.
631 3717 663 3750 eo
686 3707 805 3767 tempore
835 3700 951 3750 dissidiis
971 3695 998 3750 et
1017 3699 1222 3763 perturbatione
1243 3699 1336 3748 turriti-

240 3767 308 3836 plici
336 3771 364 3820 in
392 3769 479 3821 Persio
500 3771 657 3821 laboratum.
707 3770 769 3820 ideo
800 3770 906 3838 quidam
936 3771 977 3820 cui
1004 3770 1129 3834 Emyrzae
1149 3787 1248 3821 nornen
1268 3777 1335 3828 erat,

240 3843 384 3891 accersitus
415 3841 447 3889 ad
476 3841 656 3908 occrrpandam
685 3841 712 3892 id
735 3857 842 3906 regnum
862 3840 930 3900 suit,
949 3840 1023 3910 quod
1045 3849 1135 3890 tamen
1157 3841 1257 3892 fuctum
1277 3855 1335 3890 non

239 3917 287 3959 est.
325 3929 377 3979 qua
397 3911 558 3961 corriusione
579 3929 675 3974 rerum,
695 3911 768 3982 quod
792 3912 882 3961 nuilus
901 3919 1037 3977 praeesset
1062 3912 1240 3978 magistratus,
1263 3909 1333 3960 sach

237 3981 333 4030 ismael
353 3983 458 4049 cognita
484 3983 542 4048 ipse
572 3999 599 4032 se
617 3984 730 4042 intulit,
760 3997 923 4050 regnumque
948 3983 1015 4032 citro
1045 3982 1164 4032 laborem
1198 3979 1331 4032 obtinuit.

238 4056 313 4100 ortus
331 4061 388 4102 erat
408 4053 480 4120 regin
501 4069 607 4119 genere,
626 4055 803 4104 Uzrmcasanis
825 4053 879 4101 fitia
901 4060 986 4102 natrrs.
1025 4063 1117 4104 omnes
1138 4067 1218 4118 porro
1241 4051 1327 4117 regio·

238 4135 285 4172 nes
304 4128 331 4172 et
345 4123 474 4200 'civitates
496 4139 582 4192 usque
602 4123 773 4190 Babylonem,
793 4122 937 4192 Scythiam,
955 4124 1081 4198 Caspium
1103 4137 1174 4174 snare
1195 4132 1222 4174 et
1241 4122 1332 4173 Ocea·
1359 4165 1361 4168 .

1205 4376 1211 4400 ί
