2922 4824
540 228 741 292 romaica.
848 269 851 280 ι
1134 225 1182 296 69

87 378 128 466 τῇ
151 382 370 466 πατριαρχείρι
386 377 522 461 χρόνους
543 379 593 457 ἓξ,
616 370 682 442 εἶτα
704 375 888 442 σκανδάλων
908 378 1078 460 γεγονότων
1099 383 1182 460 μετά

84 500 170 550 τινος
195 475 337 558 Padipadi
358 479 502 559 μοναχοά
523 479 647 560 ἐξῆλθε,
667 477 722 541 καί
742 476 1022 560 stomacatione
1045 478 1181 564 Νήφων,

85 579 141 638 καί
162 577 299 655 διέμεινε
319 576 434 656 χρόνον
457 573 521 640 ἕνα.
542 582 545 592 ’
565 570 634 640 εἶτα
655 580 711 638 καί
739 569 837 650 αὖθις
854 578 1037 642 σκανδάλων
1057 579 1183 660 γεγονό-

84 700 147 738 των
170 677 290 756 ἐγένετο
321 673 337 736 ὁ
361 672 496 756 Δράμας
513 674 667 753 Ίωακνίμ,
699 673 735 748 dc
758 666 796 758 ἦν
816 679 872 739 τοῦ
891 681 988 759 κυροῦ
1008 682 1181 742 Διονυσίου

62 771 272 856 ὅκαλόγηρος.
292 767 336 856 ἦν
352 776 386 838 di
406 777 473 848 νέος
492 779 552 855 μὲν
565 773 620 858 τὴν
641 761 780 857 illinies,
798 775 956 859 χρήσιμος
969 779 1004 840 δὲ
1025 779 1081 860 την
1101 778 1182 860 γυιά-

83 895 149 956 μην
171 872 227 936 κατ’
246 871 452 955 ἀγαπώμενος
485 872 572 955 παρὰ
604 873 736 939 πάντων.
788 873 823 949 ὃς
843 875 898 939 nst
914 877 948 942 ἐν
967 876 1084 965 Ἰβηρίᾳ
1105 881 1182 942 ἐπο-

85 971 213 1056 ρεύθη,
233 973 288 1036 καί
308 969 338 1036 οἱ
358 975 425 1036 ἐκεῖ
443 973 573 1057 Ἰβήρων
602 965 753 1055 άρχοντες
773 969 789 1038 t
809 997 843 1038 ττ
864 973 1107 1059 α’ρχιιπίσκοπος
1127 981 1183 1043 καί

85 1069 114 1134 οἱ
135 1073 304 1146 ἐπίσκοποι
326 1072 553 1153 α’ποδιξάμτνοι
576 1075 716 1138 διέδωκαν
738 1071 858 1158 δωρεάς
879 1072 998 1149 πολλάς
1018 1077 1074 1138 καί
1093 1069 1182 1160 ἐλεη-

84 1173 229 1248 μοσύνας
249 1175 304 1234 καί
324 1170 478 1256 βοήθειαν
502 1172 687 1255 α’ρκοάσαν·
738 1171 773 1238 ὃν
790 1172 829 1256 (λη’
853 1173 985 1238 ἐλθόντα
1007 1171 1127 1240 ἐκεῖθεν
1147 1177 1182 1238 ἐν

49 1273 128 1354 longi
158 1273 378 1358 πατριαρχείηι
407 1269 580 1356 εἰρηνεύειν
609 1274 667 1337 οάκ
698 1274 844 1358 άφῆιιον.
891 1275 1018 1356 ἐποίησε
1047 1275 1108 1356 γάρ
1133 1297 1180 1348 τις

84 1373 268 1452 Σηλυβριίις
290 1373 528 1455 μητροπολίτης,
551 1370 628 1455 α’νηρ
651 1372 786 1456 πονηράς
806 1374 861 1436 καί
878 1374 1063 1457 φαυλάβιος,
1085 1372 1181 1450 άξίως
1247 1447 1252 1462 ⁸

83 1470 288 1554 παιδευθείς,
309 1469 492 1554 προσθήκην
515 1469 549 1534 ἑν
572 1475 614 1558 τῷ
639 1475 804 1559 χαρατζίηι
826 1475 952 1555 φλωρία
973 1475 1063 1554 χιλια
1087 1469 1179 1536 draeo

82 1570 139 1629 καί
158 1567 204 1650 μη
228 1568 418 1648 βουλόμενος
443 1572 553 1633 δοῦναι
575 1567 593 1633 o‘
617 1571 816 1656 πατριάρχης
837 1569 918 1654 πλὴν
938 1569 1043 1658 γνωμῃ
1065 1573 1181 1655 α’ρχιε-

84 1669 167 1746 ρέων
187 1671 244 1730 καί
262 1669 318 1732 τοῦ
333 1671 417 1731 ,λαοῦ
441 1666 589 1754 ἔστερξεν.
633 1665 735 1746 άλλως
755 1671 816 1755 γάρ
840 1671 876 1736 τά
899 1675 998 1755 χείρω
1020 1675 1105 1735 ἐνίκα
1125 1675 1181 1738 κατ’

48 1765 98 1836 155
122 1765 283 1850 δυνάστης
301 1771 447 1853 ἐκάθητο.

166 1867 288 1947 Ὀλίγον
309 1871 344 1932 δὲ
366 1867 499 1953 ὕστερον
518 1874 635 1955 συνέβη
658 1895 688 1934 τι
720 1872 859 1936 τοιοῦτον
887 1871 1071 1935 σκάνδαλον.
1121 1895 1177 1932 πο.

82 1970 257 2050 ρευομὲνου
282 1971 341 2030 τοῦ
361 1970 538 2034 οουλτάνου
565 1973 611 2045 εἰς
646 1979 711 2045 τοῖς
736 1975 848 2053 μέρεσι
878 1973 936 2032 τοῦ
968 1972 1177 2034 Καταστένου

82 2071 217 2152 πλησίον
235 2067 357 2158 χωρίου
379 2075 544 2150 λεγομένου
559 2068 815 2154 χρυσοκεράμου,
836 2072 892 2134 τοῦ
917 2067 1019 2132 ἐπάνω
1043 2073 1178 2152 Χροσο-
1254 2145 1257 2150 ¹

14 2222 17 2230 .
82 2171 215 2248 πόλεως,
237 2164 258 2250 ἢ
277 2171 334 2231 νῦν
348 2171 469 2250 λέγεται
485 2169 675 2254 Σκοάταρον,
690 2167 845 2233 ἐθεάσατο
862 2171 895 2233 ἐν
915 2171 952 2256 τῇ
964 2167 1054 2255 χώρη
1076 2165 1175 2256 ταάτη

45 2261 169 2338 νοοίκον
189 2269 245 2331 ἕνα
268 2269 345 2349 μετά
368 2269 513 2354 ηιράμων
534 2270 670 2355 οἱροίων,
690 2269 746 2334 καί
767 2269 908 2355 η’ροάτησε
936 2272 971 2332 τί
986 2274 1101 2350 κοῖτος
1124 2271 1179 2332 eei
1276 2275 1278 2286 '

82 2370 115 2431 ἐν
139 2365 293 2452 ἁπλότητι
323 2366 352 2432 οἱ
380 2370 528 2455 ἐγχώριοι
549 2365 754 2457 άπικρίνοντο
778 2368 827 2434 ὅτι
855 2367 870 2432 ά
894 2369 1090 2455 πατριάρχης
1109 2363 1177 2433 εἶπε
1221 2363 1225 2378 '

83 2607 193 2665 monte3
212 2597 245 2650 de
267 2616 321 2669 quo
341 2600 412 2652 varia
434 2599 504 2650 lama
524 2600 575 2652 fuit
592 2617 696 2670 sparsa,
727 2601 775 2652 sed
794 2601 895 2652 nemini
916 2610 1102 2670 praeterquam
1122 2601 1172 2652 deo

82 2673 313 2738 veritascognita.
334 2671 424 2739 exegit
442 2673 470 2722 in
490 2669 575 2722 officio
589 2688 674 2722 annos
694 2688 748 2725 sex.
786 2673 850 2723 inde
870 2674 926 2722 risa
947 2673 1125 2742 interipsum
1146 2681 1175 2724 et

83 2741 220 2812 quendam
241 2741 400 2792 monachum
411 2742 565 2792 Gabrielem
580 2744 688 2791 nomine
709 2737 905 2793 orta'escessit.
945 2745 973 2792 in
991 2743 1065 2793 cuiue
1085 2743 1174 2792 locum

83 2813 166 2864 rediit
183 2811 285 2880 Nipho,
307 2831 337 2863 ac
357 2814 504 2882 permansit
523 2829 622 2863 ennrsm
641 2828 731 2863 unum.
776 2830 864 2862 rursus
889 2813 953 2862 dein
976 2813 1087 2864 dissidio
1107 2822 1173 2863 nato

82 2885 212 2935 successit
236 2884 347 2934 Dramae
366 2885 539 2954 metropolita
558 2885 698 2944 loaeimus,
719 2883 764 2951 qni
779 2884 899 2950 Dionysii
914 2883 1002 2934 luerat
1019 2881 1194 2937 monachus-r

83 2956 182 3016 eremis
201 2963 289 3005 aetate
313 2955 422 3026 quidem
441 2956 553 3017 iuvenis,
578 2954 626 3005 sed
655 2954 765 3021 ingenio
794 2953 967 3022 moribusque
999 2953 1127 3022 probatus
1147 2961 1176 3004 et

82 3036 173 3092 gratus
193 3025 327 3075 omnibus.
364 3026 501 3094 profectus
532 3033 573 3076 est
593 3027 622 3076 in
641 3025 753 3075 iberiam
772 3041 817 3075 seu
839 3025 1037 3091 Georgiansm,
1056 3024 1174 3090 benigne

81 3098 119 3146 ibi
141 3096 175 3146 ab
197 3099 255 3146 eius
276 3097 394 3162 regionis
421 3096 589 3165 principibus
618 3096 820 3164 archiepiscopo
839 3104 866 3147 et
886 3096 1018 3164 episcopis
1037 3104 1174 3164 exceptus,

80 3167 174 3219 multis
198 3167 352 3217 rrruneribas
379 3171 507 3230 affectus,
527 3185 586 3218 cum
610 3168 781 3236 eleemosyna
811 3176 837 3217 et
854 3167 996 3228 subsidio,
1017 3167 1090 3236 quod
1111 3168 1175 3218 eatis

81 3247 162 3300 esset,
180 3238 331 3288 liberaliter
350 3237 484 3289 disnissus.
503 3237 569 3288 ·sed
587 3255 636 3288 nec
657 3238 720 3288 huic
739 3239 814 3287 illinc
833 3237 941 3288 domum
955 3254 1059 3288 reverso
1078 3255 1128 3305 pax
1148 3246 1177 3289 et

81 3311 160 3378 quies
181 3325 317 3360 concesso.
364 3310 455 3361 estitit
480 3309 551 3359 enim
577 3310 686 3378 quidam
706 3309 790 3358 melos
820 3317 848 3358 et
866 3310 936 3359 vitae
957 3309 1064 3358 infamis
1085 3308 1175 3369 homo,
1236 3319 1243 3328 “

81 3381 129 3447 qsrl
153 3396 211 3429 cum
231 3379 369 3445 Selybriae
386 3382 586 3448 metropolitam
606 3382 721 3446 egisset,
752 3379 859 3445 dignam
886 3379 961 3428 lactis
987 3381 1041 3429 suis
1060 3381 1176 3445 castiga-

81 3453 185 3501 tionem
205 3467 299 3520 passus
318 3451 414 3500 luerat.
451 3453 474 3501 is
494 3450 676 3502 adtributum
697 3451 821 3500 usitatum
842 3449 1008 3498 additionem
1031 3450 1107 3498 mille
1125 3468 1174 3498 au.

81 3537 188 3570 reorum
216 3521 290 3572 fecit.
333 3538 412 3589 quem
442 3537 500 3572 cram
530 3521 679 3590 patriarcha
708 3527 871 3579 recusasset,
903 3517 1011 3568 tandem
1030 3519 1064 3569 de
1082 3519 1174 3586 ponti-

79 3592 161 3641 ficum
180 3599 208 3642 et
226 3592 322 3660 populi
341 3593 473 3647 sententia
497 3593 613 3644 admisit.
650 3601 678 3642 et
695 3592 797 3661 alioqui
817 3589 935 3640 deterior
951 3604 1031 3640 censa
1047 3589 1174 3640 vincebat

78 3663 236 3728 meliorem,
257 3663 350 3732 etqui
369 3665 394 3713 ri
414 3679 510 3732 cogere
532 3671 647 3732 poterat,
668 3672 777 3732 praetor
795 3659 915 3711 sedebat.

168 3749 226 3800 Nee
255 3750 340 3800 multo
360 3752 503 3801 interiecto
524 3759 644 3819 tempore
671 3767 738 3799 nova
759 3748 890 3819 quaedam
910 3747 1025 3799 offensio
1048 3747 1169 3797 accessit.

79 3837 139 3870 cum
159 3820 281 3870 soltanus
301 3823 327 3869 in
348 3821 517 3892 Propontidis
547 3821 666 3888 partibus
686 3828 852 3880 versaretur,
872 3837 956 3888 prope
977 3819 1065 3868 locam
1088 3815 1172 3882 Chry.

78 3906 243 3940 soceramum
264 3893 393 3952 nornine,
422 3909 500 3959 supra
519 3891 695 3959 Chrysopolin
713 3891 804 3957 (quarn
834 3907 904 3940 nsrnc
923 3890 1045 3940 Scutario
1064 3889 1171 3952 vocant)

79 3962 172 4021 situm,
190 3962 262 4013 lorte
281 3965 422 4030 conspexit
451 3962 489 4013 ibi
516 3963 624 4013 domum
650 3961 766 4029 pulchris
783 3962 880 4027 tegulis
907 3969 1016 4021 tectam3
1041 3968 1068 4010 et
1087 3957 1120 4008 de
1139 3975 1171 4009 ea

81 4033 218 4100 quaesivit
236 4031 301 4102 quid
321 4041 399 4084 esset.
420 4033 617 4102 responderunt
635 4032 748 4092 incolae,
774 4040 804 4083 ut
822 4031 945 4082 lrorninss
964 4029 1108 4099 simplices,
1128 4030 1171 4080 in-

82 4119 169 4170 genoe
187 4110 249 4155 “est
268 4104 319 4154 hoc
337 4105 492 4173 imperator,
511 4113 630 4156 nostrum
651 4104 797 4172 templnm5
820 4111 847 4154 et
865 4101 893 4153 id
911 4103 985 4153 iussu
1003 4099 1171 4169 patriarchae
