2922 4824
281 215 329 283 το
565 303 567 310 y
622 165 626 183 ²
729 225 924 290 ursaonu

279 373 334 443 καί
352 375 567 451 ἔσκεποὶσαμεν
588 377 694 456 τοῦτο,
714 375 789 457 ναὸν
818 367 892 440 ὅντα
914 374 1013 458 ἡμῶν.
1054 373 1197 462 ὠργίσθη
1219 379 1254 441 δὲ
1276 382 1376 442 τοῦτο

278 472 416 547 α’κοὺσας
436 477 491 537 κατ’
512 473 702 552 ἐντρόσταξεν
721 475 772 539 ἵνα
794 467 970 558 ποιήσωσιν
985 472 1105 559 ἕτερον,
1128 471 1146 538 θ
1169 477 1208 562 δὴ
1230 477 1377 553 α’κοιὶσας

278 569 510 656 ὁντατριᾶρχης
533 573 742 658 ἀνεχώρησεν.

352 667 518 752 Ἔπεμψαν
540 675 576 735 δὲ
595 674 872 754 μετακομίσασθαι
894 673 948 738 τὸν
970 671 1278 757 κύριονΠαχαᾶμιον,
1295 669 1376 740 ὄντα

276 765 440 852 ἀλλαχοῦ,
462 763 481 852 ἢ
503 769 554 834 τὸν
575 757 732 856 Νῆφοινα.
777 775 833 836 καί
862 767 959 856 ἦλθεν
991 772 1212 856 ὅΠαχώμισς
1236 768 1280 840 ὢν
1299 781 1405 843 Ζο-5

273 873 375 954 grain,
396 873 451 934 καί
471 865 665 955 ἀνεβιβάσθη
687 874 732 946 εἰς
759 872 795 934 ed
817 883 1060 958 πατριαρχεῖον,
1082 868 1114 948 ὃς
1134 875 1278 956 ἐποίησεν
1301 871 1377 950 ἔτος

276 973 318 1035 ἓν.
361 966 429 1034 εἶτα
452 973 533 1044 τινὲς
554 973 641 1054 urias
657 973 715 1033 τοῦ
732 971 876 1052 ’iwaniec
897 972 1132 1056 δαπανήσαντες
1149 977 1275 1057 φλανρία
1297 998 1377 1038 πεν-

274 1071 405 1134 τακόσια
428 1071 583 1133 εἰσελθεῖν
607 1073 661 1133 καί
683 1063 935 1152 πατριαρχεῦσαι
958 1071 1052 1135 πάλιν
1074 1071 1237 1154 ἑαοιήσαν,
1261 1069 1296 1146 ὃς
1316 1077 1380 1137 κατ’

276 1172 310 1234 ἕν
322 1173 415 1256 ὀλίγῳ
436 1167 596 1252 ἐπορεύθη
608 1171 685 1252 πρὸς
700 1171 755 1233 τὸν
768 1174 978 1254 Μαογδανιάς
990 1164 1138 1253 ἄρχοντα.
1155 1170 1222 1233 orid'
1241 1165 1323 1247 ὅλως
1338 1176 1378 1236 δὲ

180 1331 182 1342 ,
233 1288 268 1344 ςρ
277 1273 463 1347 κατεδέξατο
479 1264 538 1334 κᾶν
552 1267 734 1359 θεάσασθαι
747 1267 864 1353 adeda,
874 1270 1100 1352 ἑνωτισιὶμτνος
1113 1268 1151 1335 τα
1166 1271 1377 1336 ἀκατάστατον
1390 1289 1424 1339 10

210 1438 218 1456 1
276 1374 385 1432 ταῦτα.
429 1362 497 1433 εἶτα
520 1368 682 1434 κατελθών
704 1375 737 1435 ἑν
759 1376 885 1458 Βλαχίρι
906 1369 1102 1454 ἐτελεύτησεν
1124 1374 1156 1435 ἐν
1179 1370 1271 1457 λύπῃ.
1296 1372 1377 1438 dae.

275 1465 418 1552 βιβάσθη
450 1469 485 1532 δὲ
514 1467 608 1532 πάλιν
641 1467 656 1531 a‘
684 1469 865 1552 Παχοᾶμιος
898 1473 943 1544 εἰς
971 1468 1006 1533 τὸ
1036 1479 1282 1554 πατριαρχιῖον,
1313 1475 1377 1535 τοῦ

276 1572 357 1629 θεοῦ
379 1567 607 1642 παιδεύσαντας
629 1572 757 1644 δικαίως
773 1570 828 1634 τὸν
849 1573 992 1649 Ἰωακείμ
1007 1568 1169 1650 ἐπιβάντα.
1194 1569 1247 1632 κατ’
1267 1572 1377 1634 ταῦτα

276 1669 335 1746 μὲν
354 1664 392 1730 τοὶ
414 1670 468 1748 τῆς
487 1669 651 1751 ἐκκλησίας
671 1675 913 1752 πατριαρχειόν,
935 1667 1139 1742 α’τάκτωςκαὶ
1158 1669 1201 1744 αἱς
1225 1671 1281 1733 ου’κ
1304 1667 1377 1736 ἔδει

277 1763 437 1851 φερόμενα
456 1761 515 1830 ‹tut'
531 1765 565 1831 τό
587 1768 658 1843 τούς
681 1772 868 1850 κρατοῦντας
883 1769 996 1853 δώροις
1017 1765 1226 1851 κάμπτεσθαι,
1248 1767 1305 1832 καί
1323 1768 1372 1852 μή
1388 1787 1421 1836 15

276 1862 312 1928 τό
336 1869 502 1952 συμφέρον
523 1866 601 1949 ὃροῖν
623 1867 703 1932 data
726 1873 845 1948 μᾶλλον
866 1869 924 1952 τὴν
944 1871 1008 1931 τοῖν
1029 1871 1232 1949 Χριστιανῶν
1255 1872 1378 1934 δυστυ-

275 1967 352 2046 χιάν
381 1965 436 2029 καί
463 1966 518 2041 τὰς
540 1968 707 2052 διαφοράς,
728 1970 766 2032 αἳ
793 1969 849 2032 κατ’
872 1965 996 2034 ἐδίδουν
1017 1967 1123 2042 αὐτοῖς
1142 1973 1217 2031 καθ’
1236 1966 1377 2053 ἑκάστην

278 2063 440 2147 α’ργιὶρισν,
464 2061 481 2127 ὅ
502 2070 586 2129 ἑστιν
605 2069 712 2144 αὐτοῖς
737 2067 753 2130 ὁ
775 2067 861 2142 θεός.

361 2163 602 2246 Κοριοιὶσαντος
629 2169 663 2230 δὲ
698 2173 756 2230 τοῦ
785 2166 923 2233 σουλτάν
953 2165 1071 2250 Σελίμη
1101 2169 1155 2230 κατ’
1178 2163 1378 2242 αἰιελθόντος

277 2265 463 2342 σωματικῶς
485 2266 519 2326 ἐν
536 2263 682 2351 Προύσῃ,
704 2267 885 2350 ἠνέχθησαν
908 2265 1068 2353 αὐτῷκαὶ
1090 2264 1119 2330 οἱ
1146 2259 1204 2329 τοῦ
1227 2267 1424 2350 α’δελφοῦοθ

276 2364 386 2437 παῖδας
417 2363 451 2427 ἐκ
479 2365 535 2446 τῆς
554 2367 769 2449 Καραμανιάς
789 2361 940 2448 ἅπαντας,
962 2367 1016 2430 καί
1041 2368 1220 2452 αἰιὲκτεινεν
1242 2364 1375 2442 αὐτούς.
1453 2365 1454 2381 i

279 2651 318 2702 ita
339 2651 480 2700 terimus.”
518 2668 571 2720 quo
592 2648 685 2700 audito
699 2651 746 2700 ilie
766 2648 967 2710 excandescere,
987 2655 1014 2700 et
1034 2646 1114 2700 atiud'
1127 2646 1263 2698 aedificari
1280 2647 1375 2716 impe-

279 2727 345 2772 rare,
387 2721 439 2772 hoc
467 2722 522 2772 ubi¹
539 2720 689 2790 patriarcha
719 2721 838 2784 audivit,
863 2717 1099 2772 administratione
1120 2735 1166 2768 sua
1186 2718 1262 2768 abiit.

367 2810 445 2860 Tunc
463 2817 551 2877 patres
572 2811 651 2860 missa
670 2810 804 2877 legatione
823 2808 994 2860 pachomium
1019 2807 1110 2858 venire
1130 2806 1274 2874 voluerunt
1295 2804 1375 2875 (nam

277 2880 301 2930 is
324 2888 398 2930 extra
428 2881 519 2931 urbem
548 2884 616 2950 erat)
648 2889 694 2931 aut
732 2883 817 2948 ipsum
838 2878 1003 2948 Niphunem.
1048 2877 1096 2928 sed
1123 2875 1234 2927 advenit
1267 2875 1375 2928 Pacho-
1451 2893 1452 2900 ¹

277 2952 346 3001 mins
362 2955 534 3019 metropolita
549 2951 718 3015 Zychnensis,
734 2959 815 3018 atque
831 2952 858 3000 in
878 2948 1053 3018 patriarchica
1068 2947 1131 2998 sede
1151 2947 1299 2996 collocatus
1318 2957 1375 3000 eat.

278 3023 325 3070 ubi
346 3039 404 3071 cum
428 3041 510 3072 riuum
536 3039 635 3071 annum
655 3021 782 3080 sedisset,
806 3029 867 3070 etce
894 3021 972 3071 amici
992 3019 1100 3088 quidam
1120 3018 1237 3077 Ioacinri,
1256 3017 1377 3069 aciiectis

278 3092 382 3142 ‹tucatie
400 3092 563 3160 quingentis,
581 3100 683 3142 tanturn
699 3094 845 3141 effecerunt
861 3091 1042 3142 utPachomio
1059 3090 1125 3140 eliso
1144 3088 1192 3138 ilie
1213 3088 1303 3138 denuo
1321 3107 1377 3157 pa-

278 3162 410 3212 triarchae
432 3163 512 3213 decus
535 3162 681 3214 obtineret.
726 3163 773 3228 qui
805 3162 879 3212 brevi
903 3170 965 3231 post
992 3163 1020 3212 in
1049 3159 1209 3212 Moldaviam
1229 3159 1376 3228 profectus

279 3241 327 3282 est.
365 3233 412 3284 aed
432 3231 510 3282 huius
526 3235 668 3302 princeps,
690 3234 795 3298 cognita
816 3233 864 3282 hac
883 3232 1080 3285 ecclesiasticae
1099 3229 1259 3297 disciptinae
1280 3230 1376 3280 ambi-

277 3305 348 3353 tiosa
366 3305 533 3366 confusione,
552 3303 620 3354 adeo
639 3303 673 3353 ab
692 3305 751 3372 ipso
778 3305 925 3355 clementer
948 3302 1105 3370 accipiendo
1126 3299 1267 3352 abhorruit
1285 3311 1375 3352 utne

277 3377 307 3426 in
332 3383 502 3442 conspectum
535 3375 644 3442 quidem
674 3392 750 3426 surim
776 3375 922 3426 admiserit.
960 3373 1023 3426 inde
1042 3374 1071 3423 in
1088 3373 1244 3423 Valachiam
1261 3371 1375 3424 delatus

278 3445 446 3512 aegritudine
467 3448 548 3496 enimi
568 3447 701 3498 extinctus
724 3455 772 3496 est.
811 3447 934 3498 reductus
953 3449 1045 3512 itaque
1066 3446 1094 3493 in
1112 3443 1302 3493 sanctissimam
1323 3461 1374 3494 se-

278 3517 338 3567 dem
361 3517 534 3578 pachomius,
559 3518 693 3578 loacimo,
712 3517 758 3585 qui
783 3535 837 3566 non
856 3527 926 3568 rectu
948 3519 994 3580 via¹
1007 3513 1209 3573 conscenderat,
1230 3513 1301 3564 iusto
1324 3514 1375 3565 dei
1418 3548 1425 3560 .

277 3589 381 3639 iudicio
400 3593 538 3654 castigato.
580 3587 647 3638 haec
676 3589 704 3636 in
733 3588 844 3637 ecclesia
871 3598 898 3638 et
925 3585 1103 3655 patriarchatu
1128 3602 1182 3634 non
1201 3583 1297 3634 ordine
1319 3603 1375 3636 nee

278 3668 350 3709 recte
369 3659 562 3719 concinionum,
584 3658 657 3727 quod
672 3673 795 3726 proceres
812 3658 889 3708 donis
901 3658 1081 3716 flecterentur,
1101 3673 1150 3704 nec
1169 3653 1234 3722 quid
1253 3655 1277 3704 ei
1299 3657 1374 3708 utile

278 3739 351 3780 esset
369 3730 419 3779 sibi
440 3731 609 3796 propositum
624 3728 764 3788 haberent,
783 3728 828 3778 sed
847 3730 938 3796 potius
954 3728 1122 3779 Christianae
1140 3725 1372 3792 gentisinfortu-

277 3802 352 3852 nium
374 3809 402 3851 et
421 3800 549 3864 dissidia,
569 3817 636 3869 quae
655 3802 692 3850 eis
718 3799 866 3850 identidem
887 3801 1023 3850 materiam
1043 3797 1180 3866 pecuniae,
1198 3812 1267 3864 quae
1298 3797 1373 3866 ipsis

277 3888 326 3940 pro
346 3871 397 3922 deo
418 3880 466 3932 est,
485 3871 669 3938 emungendae
687 3869 796 3921 dabant.

347 3960 448 4010 Potitus
467 3959 518 4008 hoc
536 3959 615 4008 modo
629 3959 738 4008 Selirnes
761 3957 874 4024 imperio
900 3957 1034 4022 profectus
1053 3962 1093 4005 est
1114 3957 1228 4022 ipsemet
1247 3954 1371 4004 Prusam.

278 4030 385 4079 tuncad
407 4031 493 4097 ipsum
512 4028 621 4079 adducti
639 4029 832 4079 sunteCilicia
846 4029 894 4077 titii
916 4027 1002 4076 fratris
1013 4043 1113 4084 omnes,
1134 4041 1201 4093 (μνον
1220 4024 1372 4076 interiecit.

278 4098 342 4150 inde
364 4101 528 4167 Magnesiam
550 4098 709 4159 contendit,
736 4099 862 4150 adversus
884 4098 990 4149 tratrem
1009 4097 1149 4154 Curcutam
1167 4094 1299 4164 Zelepeu5
1320 4099 1372 4166 qui
