2954 4816
330 282 344 317 ¹
552 302 869 370 ολτττιλοσσισλ.
1172 297 1239 364 171

150 453 315 535 ἐκκλησίας
356 454 717 528 Κωνσταντινουπόλεως
753 459 880 538 pieplo
916 448 1057 533 χιλιάδες
1089 456 1243 532 τέσσαρες

150 551 205 616 καί
222 547 346 616 ἑκατόν.
390 555 445 616 κατ’
468 555 607 617 δίδονται
634 558 733 619 νιαθὲν
752 553 868 636 χρόνω
899 556 956 614 τοῦ
976 549 1113 634 μεγάλαν
1137 553 1244 631 raus·

149 653 219 732 γίου
242 653 287 722 εἰς
307 649 365 733 την
387 650 585 735 ὑψηλοτάτην
607 651 706 735 πόρτα
730 656 786 716 τοῦ
807 649 991 716 σουλτάνον.

233 749 426 833 Ἠβουλήθη
448 744 504 814 οὖν
538 751 554 812 o‘
579 750 676 824 αάτός
705 754 902 834 πατριάρχης
934 749 986 813 διά
1005 748 1045 814 νά
1080 747 1182 834 ὑπάγῃ
1198 751 1244 822 είς

125 845 208 929 braia
229 852 377 928 Βλαχίαν
407 851 463 912 καί
494 852 539 922 είς
567 848 623 932 την
654 853 871 931 Πουγδανίαν.
924 845 1009 928 ὅμως
1027 848 1157 930 στίγῆκεν
1179 847 1241 912 άπὸ

148 947 206 1027 τήν
226 947 366 1029 μεγάλην
387 945 560 1032 ἐκκλησίαν,
585 947 638 1012 καί
659 947 789 1030 ὑπήγενε
810 947 890 1028 μετά
905 950 1046 1029 Ιμεραιοάν
1067 947 1242 1030 ἀρχιερέων

148 1046 203 1107 καί
221 1049 385 1129 κληρικαῖν.
436 1051 491 1112 καί
518 1051 563 1122 είς
584 1047 639 1129 την
669 1045 825 1130 ἐπαρχίαν
846 1051 902 1130 τῆς
926 1043 1100 1128 ἁγιωτάτης
1121 1068 1242 1128 μητρο-

148 1141 268 1218 πόλεως
294 1147 454 1227 Τορνόβου
492 1149 648 1230 αόθίνησε
679 1151 734 1211 καί
766 1148 914 1211 α’πίθανε.
951 1146 1038 1228 ’ἔγινε
1067 1148 1167 1218 clasis
1185 1143 1241 1228 την

146 1241 317 1306 ιίσθένειαν
341 1245 442 1308 αὐτοῦ
460 1245 718 1329 μεγαλάσχημος,
739 1245 792 1308 καί
820 1247 1055 1328 ίμετονσμάσθη
1076 1242 1239 1328 Ἰωάννης·

108 1344 203 1404 tonui
226 1339 326 1424 ὑπῆγε
348 1341 384 1404 τά
404 1348 528 1424 πνεῦμα
550 1347 650 1407 τιν’τοῦ
673 1347 717 1419 τίς
740 1345 796 1418 τάς
824 1341 993 1426 οάρανίους
1012 1343 1121 1424 μονάς,
1140 1341 1178 1406 τά
1203 1345 1240 1406 δὲ

145 1435 234 1521 ίίγιον
254 1441 345 1522 σῶμα
379 1443 483 1534 ου’τοῦ
504 1441 632 1523 ἔθαψαν
654 1446 784 1524 ἐντίμως
817 1447 870 1507 καί
891 1445 1041 1524 συλλαβάς.
1079 1442 1181 1520 άιιαμε
1202 1445 1237 1506 aa

143 1541 188 1612 εἰς
209 1539 265 1601 τὸν
287 1541 516 1624 πατριαρχινιόν
543 1543 657 1621 θρόνον
677 1543 814 1626 χρόνους
842 1547 1025 1622 εἰκοσιτρεῖς
1053 1541 1108 1606 καί
1125 1549 1235 1624 μῆνας.
1323 1546 1327 1554 ’

143 1639 198 1700 καί
229 1634 322 1711 ὅλους
351 1643 422 1712 τούς
446 1645 678 1722 μητροπολίτας
710 1641 764 1704 καί
791 1640 1055 1724 ιῖρχιεπιστάτιους
1076 1640 1237 1720 ἐχειροτό-

142 1759 227 1818 νησε,
251 1735 306 1798 καί
325 1741 370 1808 εἰς
392 1738 522 1813 πολλοὺς
544 1738 680 1820 θρόνους
696 1739 751 1802 καί
770 1741 828 1802 δύο
848 1744 902 1802 καί
921 1747 1002 1820 τρεῖς
1024 1745 1149 1822 φοραῖς,
1170 1737 1237 1799 τιά-

105 1839 196 1917 15ρεξ
217 1833 316 1914 μόνον
336 1836 391 1899 τάν
414 1839 637 1920 Νιτομηιλείας,
658 1838 750 1918 κάρον
770 1838 950 1916 Διονύσιον,
974 1837 1054 1900 rinnai
1075 1840 1127 1900 ιλὲν
1142 1841 1234 1916 εἶχετ-

143 1931 304 2016 ροτόνησε.
354 1929 435 2018 Ιη’τον
459 1937 502 1999 «δὲ
522 1937 639 2016 αὐτάς,
668 1934 795 2019 όκάρις
817 1935 1000 2014 Διονάσιος,
1033 1937 1085 1998 κατ’
1106 1934 1121 1996 ὁ
1143 1933 1234 2014 κάρος

135 2031 292 2115 Ἱερεμίας
318 2039 497 2116 χειροτονία
535 2044 594 2100 τοῦ
615 2038 722 2120 αριάην
752 2038 951 2118 πατριάρχου
981 2040 1080 2116 asperi
1107 2034 1234 2117 ’Θεολη-

140 2155 230 2195 στου.
256 2136 316 2196 κατ’·
330 2133 423 2208 αίτός
446 2134 460 2200 ά
483 2138 697 2217 Νικομηδείτις
717 2133 810 2214 ἔλαβε
830 2135 883 2198 τὸν
905 2133 1136 2217 πατριαρχαιάν
1156 2133 1235 2217 θρό-

140 2253 192 2294 νον
211 2230 292 2309 μετά
315 2232 526 2298 τάνθάνατον
548 2235 605 2298 τοῦ
625 2235 726 2298 ον’τσά
747 2239 849 2314 sopori
862 2234 1035 2320 Ἱερεμίου,
1055 2235 1234 2317 άςιιγαίνε-

100 2347 194 2402 torua
218 2331 361 2396 κάτωθεν
380 2339 604 2413 γεγραμμένον.
1135 2319 1137 2326 ¹

217 2427 323 2508 Ὅμως
343 2431 371 2496 οἱ
389 2435 531 2514 κληρωτοί
551 2437 607 2516 τῆς
622 2432 945 2517 μεγάληςὲκκλησίας,
967 2433 1009 2506 τάς
1032 2430 1155 2512 ἔμαθον
1178 2432 1232 2496 τὸν

140 2531 279 2594 θάνατον
298 2535 356 2594 τοῦ
376 2535 597 2615 πατριάρχου,
622 2531 768 2614 ἔγραψαν
802 2537 846 2607 εἰς
878 2532 952 2608 τούς
973 2537 1102 2615 πλησίον
1124 2529 1238 2614 άρχιε..

142 2637 216 2712 ρεῑς.
271 2635 325 2694 καί
353 2634 585 2716 ἑοννάχθησιιν,
608 2635 662 2696 καί
680 2633 810 2707 σύνοδος
837 2631 957 2714 μεγάλη
980 2635 1100 2712 ἐγένετο
1121 2634 1231 2715 σ’ρχιε.

141 2913 232 2976 venit3
260 2927 329 2982 quae
357 2929 457 2964 summa
486 2915 631 2984 quotannis
658 2914 703 2964 die
731 2915 756 2964 S.
778 2913 886 2980 Georgii
913 2913 941 2962 in
959 2913 1131 2985 imperatoria
1152 2921 1229 2981 porta

142 2985 336 3052 repraesentari
355 2985 433 3035 solet.

212 3069 336 3120 Decrevit
366 3071 428 3122 item
454 3069 498 3120 hic
517 3069 665 3138 patriarcha
694 3071 824 3140 proficisci
847 3070 875 3120 iu
899 3069 1053 3120 valachiam
1074 3080 1101 3122 et
1121 3070 1229 3123 Molda·

140 3141 219 3190 viam.
256 3141 308 3191 hoo
338 3157 401 3206 ergo
421 3141 535 3192 consilio
557 3157 676 3208 egressus
706 3157 834 3209 ernagna
854 3143 966 3192 ecclesia
985 3144 1037 3192 iter
1055 3144 1123 3205 iniit,
1144 3145 1228 3194 comi·

141 3217 211 3262 tatus
231 3213 310 3262 certis
330 3213 491 3280 quibusdam
515 3212 688 3280 pontificibus
712 3222 742 3262 *et
762 3214 875 3263 clericis.
921 3213 958 3262 ibi
985 3214 1012 3264 in
1029 3215 1165 3282 provincia
1186 3231 1230 3264 sa·

139 3283 303 3332 cratissimae
321 3285 503 3350 metropoleos
522 3283 643 3334 Tornobi
666 3291 805 3349 aegrotans
828 3285 906 3333 vitam
928 3283 996 3334 hanc
1018 3285 1137 3353 reliquit.
1171 3303 1231 3336 cum

139 3360 227 3402 autem
247 3355 284 3403 ita
302 3353 395 3403 morbo
418 3354 562 3413 laboraret,
580 3354 757 3420 perfectorum
775 3353 965 3404 monachorum
985 3354 1105 3404 habitum
1118 3355 1170 3406 sibi
1188 3357 1231 3406 in-

140 3421 208 3484 duit,
225 3431 329 3474 mutato
349 3427 436 3490 priore
457 3425 566 3474 nomine
585 3425 613 3474 in
634 3425 739 3474 loannis
758 3439 873 3485 nomen3
892 3425 1001 3490 spiritus
1019 3433 1046 3474 et
1065 3442 1173 3492 superas
1192 3429 1231 3476 sio

140 3495 196 3544 eius
215 3494 301 3544 abivit
320 3493 354 3544 ad
374 3512 455 3556 arces,
475 3511 587 3560 corpore
607 3493 690 3564 ipsius
710 3511 804 3559 rnagno
834 3510 892 3542 eum
911 3491 1013 3542 honore
1032 3497 1147 3560 sepulto.
1185 3512 1224 3544 se-

138 3563 215 3615 derat
227 3567 254 3614 in
267 3565 365 3616 throno
384 3583 467 3616 annos
481 3565 575 3631 viginti
589 3573 642 3616 tres
657 3574 684 3616 et
696 3565 801 3634 aliquot
818 3581 931 3614 menses.
951 3561 1119 3615 ordinaverat
1138 3581 1230 3616 omnes

143 3637 330 3703 metropolitas
355 3645 383 3686 et
401 3636 626 3704 archiepiscopos,
646 3638 728 3704 idque
757 3637 784 3686 in
804 3635 896 3684 multis
919 3634 1023 3684 thronis
1043 3644 1069 3686 et
1089 3635 1128 3686 bis
1147 3645 1229 3697 terve,

140 3715 254 3774 excepto
276 3708 335 3757 solo
349 3707 550 3758 Nicomediensi
565 3707 704 3773 Dionysio,
725 3708 771 3776 qui
790 3723 845 3756 non
864 3705 897 3754 ah
919 3707 977 3773 ipso
999 3705 1136 3757 ordinatus
1160 3715 1229 3757 erat:

137 3776 185 3828 sed
205 3785 233 3827 et
252 3775 323 3828 hunc
337 3779 495 3843 Dionysium
514 3786 541 3827 et
557 3778 642 3846 ipsum
655 3777 815 3827 Hieremiam
835 3777 957 3844 superior
975 3776 1230 3846 patriarcha'Theo-

137 3847 227 3916 leptus
250 3847 429 3910 ordinaverat,
468 3857 494 3899 et
523 3848 594 3898 idern
613 3847 656 3898 hic
674 3847 846 3898 Nicomediae
875 3849 985 3897 antistes
1006 3848 1229 3900 mortuoHiere·

136 3919 206 3970 miae
224 3920 353 3970 suecessit
371 3921 400 3970 in
418 3919 607 3989 patriarchatu,
627 3921 696 3969 sicut
716 3919 829 3969 inferius
847 3918 997 3969 docebitur.
1189 3917 1194 3930 ¹

222 4005 337 4074 V-ulgata
364 4016 451 4060 morte
481 4006 649 4074 patriarchae
669 4005 758 4056 elerici
777 4023 889 4072 magnae
917 4005 1046 4056 ecclesiae
1068 4003 1230 4072 scripserunt

138 4075 171 4127 ad
189 4077 325 4146 proximos
347 4079 498 4142 antistites3
520 4077 617 4146 quihus
637 4079 803 4144 cougregatis
817 4077 943 4146 frequens
962 4075 1105 4126 concilium
1129 4075 1228 4126 sactum

139 4155 178 4200 est
195 4150 355 4218 peptifirum
385 4150 544 4201 elericorum
572 4150 721 4241 principum
749 4157 777 4200 et
802 4148 947 4199 multorum
975 4145 1228 4242 aliorumexpprtns
