2954 4816
252 261 323 341 148
705 269 903 339 nrsnonra
975 357 977 360 ¹

247 424 305 507 τὴν
326 421 480 504 Κυθηρία
515 416 572 482 sat
599 421 644 492 εἰς
674 413 788 494 ἄλλους
819 418 936 494 τόπους
967 419 1028 481 τῶν
1050 419 1246 494 Βενετίιισον,
1267 415 1350 479 inuri

245 515 328 608 ἦσαν
349 518 521 604 dediderint,
542 515 663 602 ἔγραφε
677 521 866 600 καθαίρεσιν
889 519 934 590 εἰς
955 514 1029 590 τούς
1043 513 1139 598 ἱερεῖς
1160 513 1242 577 sineri
1263 513 1350 596 ἔχει·

248 621 421 705 ροτόνηοε,
442 622 498 681 καί
533 611 600 680 ὅσοι
639 614 735 698 έχουν
767 615 865 680 αὐτὸν
897 616 951 679 διὰ
982 617 1172 697 α’ρχιερέαν,
1201 613 1238 676 vui
1263 609 1350 676 εἶναι

247 719 478 804 ἀφωρισμένον.
502 713 604 779 itata
626 715 688 796 γάρ
712 708 823 778 ἄδειαν
845 719 907 779 τῶν
927 717 1215 796 χειροτονηθένταν
1235 709 1351 794 ἱερέων

246 818 471 882 auterannus
493 815 532 878 vei
566 813 709 896 ὖπάγσυν
731 817 776 888 εἰς
804 807 921 887 ἄλλους
939 813 1101 896 ἀρχιερεῖς
1123 815 1286 890 νομίμους,
1306 808 1380 872 νιὶ5

243 913 488 998 χειροτονησουν
519 911 637 987 ου’τούς
665 914 819 992 δευτέραν
847 911 953 995 φορὰν
984 907 1064 974 κατὰ
1088 907 1214 988 νόμους,
1234 905 1347 989 ἐπειδὴ

245 1019 301 1078 καί
336 1014 356 1097 ἡ
386 1013 495 1096 πρώτη
528 1014 582 1076 δέν
616 1004 689 1093 ἤτοι
717 1012 897 1102 χειροτονία
925 1007 978 1073 διὰ
1017 1006 1051 1071 τὸ
1083 1002 1165 1070 εἶναι
1195 1006 1254 1086 ἔξω
1285 1031 1350 1068 κα-

244 1109 356 1180 νόνων.
684 1179 690 1187 ,

180 1238 230 1290 151
329 1207 454 1276 Λοιπὸν
474 1208 517 1284 ὥς
538 1207 641 1288 ἔμαθε
662 1203 799 1280 τοῦτοςό
822 1206 1010 1290 παραβάτης
1025 1200 1075 1269 ὅτι
1094 1209 1222 1270 τοιαῦτα
1241 1202 1349 1287 γράμ-

244 1333 333 1390 ματα
355 1308 535 1374 ἀπέστειλεν
557 1307 574 1372 ὃ
596 1306 795 1391 πατριάρχης
815 1311 884 1369 κατ’
905 1307 1017 1385 αυτοῦ,
1040 1308 1094 1368 tta
1118 1303 1257 1386 ἐδυνήθη
1280 1299 1347 1368 ἀπὸ
1363 1306 1402 1358 10

244 1405 302 1490 την
324 1406 476 1488 ἐυτροπήν
497 1430 551 1470 του
575 1405 616 1470 sui
636 1408 812 1492 σταμαοίση
833 1408 926 1469 πλέον
946 1407 991 1480 εἰς
1010 1403 1065 1486 τὴν
1092 1407 1347 1484 Μονεμβαοίανῑ·
1418 1440 1441 1466 μ.

245 1499 312 1587 circs}
336 1504 502 1582 ίμίσευοεν
524 1505 578 1568 ἀπ’
590 1507 658 1568 ἐκεῖ
673 1501 707 1568 ἐν
726 1507 768 1590 τῷ
788 1502 856 1584 ἅμα
877 1507 931 1567 καί
948 1503 1064 1586 ὑπῆγεν
1085 1507 1131 1577 εἰς
1152 1501 1206 1566 οόν
1226 1503 1349 1580 ποὶπαν,

244 1606 302 1668 καί
320 1591 478 1686 σ’νὴφορέν
510 1605 555 1676 εἰς
578 1600 673 1680 asiais
706 1605 815 1686 λόγους
836 1600 991 1687 σκληρούς
1016 1602 1072 1664 καίΙ
1091 1598 1269 1686 φοβερούς,
1289 1603 1350 1664 καί

244 1705 290 1777 εἰς
309 1701 383 1776 τούς
406 1705 653 1785 καρδηναλιόυς,
686 1699 730 1776 ὥς
753 1697 801 1766 ὁόο
824 1697 853 1764 οἱ
869 1701 1021 1781 Ῥωμαῖοι
1043 1698 1098 1763 τὸν
1119 1700 1226 1763 πάσαν
1246 1697 1347 1780 ἔχουν

244 1799 299 1864 διὰ
322 1795 499 1881 αλρετιιιόν,
529 1802 584 1862 καί
610 1796 684 1874 τους
705 1801 945 1883 καρδηναλιόυς.
996 1796 1134 1872 α’κσιλσας
1157 1801 1303 1862 δὲταῦτα
1327 1795 1401 1859 615

244 1895 361 1980 aniane,
382 1895 555 1982 η’ξευροντα
589 1891 638 1961 ὅτι
669 1896 767 1973 αυόὁς
796 1897 997 1980 ὄἈροέοιος
1023 1896 1093 1961 έναι
1113 1893 1213 1984 πολλοὶ
1234 1893 1350 1979 σοφώ-

242 2019 336 2070 τατος
368 1999 421 2059 καί
450 1999 545 2076 μέλος
575 1993 827 2080 τῆς’έκκλησιἰις
868 2000 925 2078 τῆς
957 2000 1174 2077 πρεσβυτέρας
1207 1989 1349 2076 Ῥώμης,

111 2111 115 2122 ’
152 2159 156 2168 ,
242 2091 364 2175 ἔγραψε
393 2081 494 2158 πολλὰ
524 2094 604 2177 πρὸς
636 2094 694 2177 την
725 2098 898 2158 onerarias
929 2099 985 2176 τῆς
1010 2100 1158 2168 Βενυσίας
1181 2091 1259 2156 sarai
1279 2096 1350 2154 τῶν

241 2187 408 2270 Ῥωμαίων
428 2195 488 2256 τῶν
509 2197 725 2274 Χριστιανῶν.
778 2199 833 2257 καί
852 2190 965 2274 ἔλαβεν
988 2192 1089 2274 αὐτὴν
1113 2190 1128 2255 ὁ
1152 2191 1243 2265 αυτὸς
1264 2192 1350 2273 Ἀρ-

245 2292 357 2372 οένιος,
380 2294 435 2354 καί
454 2287 509 2372 τήν
533 2284 714 2374 ἤραρεν-είς
735 2290 793 2374 τὴν
808 2292 1004 2356 adtentius·
1028 2291 1084 2354 καί
1103 2293 1220 2372 ἐγένετο
1241 2287 1398 2372 πολλὴσο

245 2384 402 2470 ου’γχυσις
426 2389 482 2452 καί
512 2387 637 2471 ταραχὴ
676 2392 721 2465 εἰς
750 2390 807 2472 την
837 2391 1002 2472 ἐκκλησίαν
1027 2391 1088 2453 τῶν
1106 2391 1272 2468 Ῥωμαίων
1295 2389 1347 2462 εἰς

246 2484 300 2550 τὸν
321 2493 422 2569 μέγαν
441 2492 472 2551 Γ
470 2489 617 2572 empyrea,
646 2489 701 2552 καί
720 2488 942 2554 ἐκινδύνευσαν
964 2492 1076 2552 πολλοί
1094 2494 1156 2554 τοῖν
1173 2486 1347 2570 Ῥωμαίων

243 2582 515 2650 saturaremur
539 2584 600 2650 α’πό
624 2585 820 2670 οἷναγκασίας
847 2591 905 2651 τοῦ
927 2587 1027 2651 αὐτοῦ
1048 2587 1220 2670 Ἀροανίου.
1263 2587 1347 2668 σ’μὴ,

213 2875 272 2936 ‘in
290 2885 389 2955 quibus
418 2887 458 2955 pii
480 2895 606 2956 recteque
620 2887 662 2937 'de
685 2888 815 2954 religione
836 2891 983 2941 sentientes
1009 2889 1152 2958 degebant,
1172 2887 1342 2938 sacerdotum

155 3003 163 3026 ,Ι
244 2956 279 3007 ab
298 2958 347 3006 illo
366 2955 550 3008 ordinatorum
571 2965 600 3008 et
617 2959 692 3006 illum
712 2975 760 3025 pro
779 2960 908 3026 pontifice
927 2961 1085 3011 habentium
1113 2959 1292 3009 deiectionem
1311 2968 1345 3010 et

244 3027 550 3078 excommunicationem
570 3028 751 3096 praescripsit.
789 3027 948 3097 potestatem
978 3048 1041 3082 vero
1073 3032 1136 3080 lecit
1156 3030 1343 3097 resipiscenti·
1372 3043 1380 3064 υ

244 3097 295 3146 bus
314 3095 499 3154 sacerdotibus
531 3105 559 3146 et
577 3095 695 3147 diaconis
725 3099 882 3150 conferendi
906 3118 933 3150 se
956 3101 1343 3166 adalios,legiti1ne,factos,

243 3165 405 3234 pontifices,
432 3167 479 3232 qui
509 3183 555 3216 eos
576 3165 609 3216 de
639 3168 742 3234 integro
765 3170 1011 3238 secundum'leges
1031 3173 1195 3233 ordinarent,
1214 3169 1342 3240 quando-

167 3243 170 3252 ’
245 3235 356 3305 quidem
375 3235 424 3284 ills
443 3237 516 3306 prior
534 3253 588 3286 non
608 3245 680 3287 esset
697 3237 842 3301 ordinatio,
863 3243 927 3310 quia
947 3251 1020 3292 entra
1042 3259 1167 3292 canones.

317 3321 412 3390 ltaque
434 3337 515 3390 ergo,
536 3340 594 3373 cum
620 3325 735 3376 violator
755 3327 804 3378 iste
823 3327 984 3395 disciplinae
1003 3327 1141 3378 didicisset
1169 3328 1235 3378 tales
1254 3343 1269 3375 a
1290 3343 1342 3394 pa-

174 3433 178 3436 .
246 3391 361 3442 triarchas
381 3393 471 3443 literas
492 3403 585 3444 contra
606 3413 634 3446 se
654 3397 746 3447 missas
768 3407 842 3458 esse,
860 3415 915 3448 nou
934 3400 1024 3468 potuit
1045 3400 1160 3466 amplius
1179 3397 1345 3448 Monemba-

195 3461 207 3482 '
246 3463 301 3512 siae
323 3479 387 3534 prae
406 3462 507 3534 pudore
529 3467 692 3527 consistere,
711 3466 759 3517 sed
784 3470 926 3520 confestim
945 3486 973 3520 se
991 3468 1054 3520 inde
1075 3469 1218 3538 proripuit,
1236 3467 1270 3516 ad
1289 3484 1341 3535 pn-

246 3549 363 3602 pamque
385 3535 520 3602 profectus
541 3539 667 3604 exposuit
689 3536 761 3605 apud
793 3554 853 3588 enm
875 3538 1232 3609 cardinalesque'atrocibus
1251 3537 1342 3588 verbis

246 3611 275 3654 et
295 3603 548 3665 criminationibus,
567 3607 634 3674 quid
652 3605 705 3656 sibi
724 3607 886 3672 accidisset,
906 3609 1008 3660 addens
1026 3627 1122 3679 papam
1144 3619 1172 3660 et
1190 3607 1343 3658 cardinales

246 3671 398 3732 haereticos
412 3691 425 3722 a
441 3675 592 3742 patriarcha
608 3685 635 3727 et
651 3677 758 3728 Graecis
772 3681 882 3732 censeri.
901 3680 1000 3731 auditis
1015 3680 1056 3731 his
1076 3697 1155 3750 papa,
1177 3677 1250 3748 quod
1261 3678 1343 3728 sciret

247 3750 370 3811 quanta,
400 3751 428 3793 et
454 3761 533 3812 quam
554 3747 651 3796 eximia
682 3747 799 3800 eruditio
821 3752 925 3800 arsenii
946 3759 1036 3816 esset,
1058 3768 1174 3818 eumque
1192 3749 1343 3798 membrum

248 3811 378 3864 ecclesiae
406 3815 505 3864 veteris
525 3817 625 3866 Romae
647 3834 713 3879 esse,
732 3821 835 3886 prolixe
862 3820 896 3871 ad
918 3822 1051 3872 Veneturn
1069 3821 1252 3887 magistratum
1273 3819 1343 3868 scri-

248 3883 296 3944 bit,
315 3885 345 3935 in
363 3883 492 3934 Graeciae
511 3884 678 3938 Christianos
701 3889 840 3941 invehens.
878 3909 956 3960 quam
978 3892 1120 3960 epistolam
1140 3908 1199 3940 cum
1218 3893 1276 3956 ipse
1292 3890 1344 3938 Ar·

248 3953 339 4003 senius
359 3970 391 4004 eo
411 3955 564 4017 attulisset,
592 3957 689 4009 accidit
714 3977 810 4027 magna
831 3963 998 4029 perturbatio
1023 3963 1202 4030 confusioque
1221 3961 1343 4010 Graecae

248 4021 282 4070 acl
302 4023 327 4072 S.
346 4023 488 4092 Georgium
520 4027 663 4091 ecclesiae;
691 4045 722 4079 ac
741 4032 820 4081 malai
840 4031 1002 4083 Graecorum
1026 4034 1053 4082 in
1073 4033 1221 4100 periculum
1245 4031 1343 4098 capitis

219 4105 221 4110 ·
248 4091 420 4156 inciderunt,
448 4094 526 4147 rebus
548 4099 586 4148 ita
604 4099 778 4152 vehementer
802 4101 836 4151 ab
856 4103 967 4155 Arsenio
991 4102 1165 4154 exacerbatis.
1205 4109 1344 4152 verumta—
1463 4121 1466 4267 Ι
