2946 4830
255 283 354 363 tao,
620 289 838 358 τοιουτου
867 289 978 358 nuru
1036 351 1040 360 ,
1131 363 1136 378 ,

254 467 382 556 δρματα
403 475 552 554 πολέμου,
574 473 753 552 κατέκοψαν
774 467 907 546 πολλούς
930 461 1092 554 όχυμόνον
1112 464 1174 534 dut
1199 465 1272 543 τούς
1289 489 1353 531 πο-

254 577 382 652 λεμίους
402 570 484 636 α’λλοὶ
505 573 560 636 καί
581 574 751 652 ἀναιτίους,
772 569 864 650 διότι,
888 569 994 656 ἐπειδὴ
1017 571 1183 655 όξημέρονε
1204 567 1353 652 κυριακη,

253 671 395 756 ἐδέχοντο
425 673 469 749 είς
501 671 576 746 τούς
605 670 739 754 δρόμους
764 669 837 745 τούς
858 674 1047 758 ἐρχομένους
1075 673 1120 744 εἰς
1146 663 1353 752 statronis,

253 773 308 838 καί
328 773 401 849 τούς
424 771 567 838 ἔκοπτον.
618 773 756 856 μάλιστα
779 765 897 858 ἤθελον
931 772 968 837 νύ
992 772 1113 851 κοίμουν
1134 769 1239 854 κυινην
1262 795 1355 856 σφα-

252 874 311 959 γήν
334 869 415 938 δ’λων
437 877 498 940 τῶν
523 876 751 938 κατοικούντων
777 873 813 938 τὸ
837 875 968 957 κύστρον
990 875 1214 954 Χριστιανῶν·
1265 866 1380 951 όμως5

253 975 335 1049 τινὲς
358 973 508 1059 φρόνιμοι
531 977 586 1039 καί
613 971 673 1036 sind
696 973 770 1054 τούς
798 977 1043 1058 προεστοτέρους
1070 973 1179 1036 αὐτῶν
1200 968 1274 1047 τούς
1294 974 1353 1052 ἒμ-

252 1073 398 1138 πόδισιτν.
421 1072 450 1138 οἱ
473 1079 508 1138 δὲ
529 1079 700 1140 Ἱωαννῖται
722 1078 774 1140 tto
788 1077 983 1159 ἕφείσθησαν
1005 1070 1269 1156 τηνκατύστασίν
1289 1095 1353 1136 των

252 1174 452 1240 παντάπασιν
475 1179 520 1252 εἰς
539 1173 711 1260 α’ποφυγὴν
733 1176 847 1258 ταύτης
866 1177 921 1256 τῆς
942 1172 1109 1256 βαρβάρου
1131 1173 1264 1256 σφαγῆς.

345 1288 384 1354 ‘O
413 1293 447 1356 δὲ
469 1293 524 1374 τῆς
556 1291 752 1365 α’τιοστασιάς
781 1288 920 1375 ἀρχηγός
949 1286 1134 1367 Διονύσιος,
1162 1285 1205 1360 ὥς
1233 1278 1352 1366 ἢκουσε

250 1386 323 1464 τούς
353 1389 557 1473 α’λυλαγμούς
584 1396 647 1455 τῶν
683 1391 830 1474 Τούρκων
856 1395 911 1454 καί
939 1384 1003 1454 εἶδε
1031 1385 1105 1461 τούς
1135 1391 1210 1468 μεθ’
1230 1381 1395 1452 ἓαυτούὶδ

251 1495 517 1572 σκορπισθὲντας,
540 1489 659 1576 ἔφυγε,
686 1497 738 1556 καί
761 1490 862 1556 ἐλθυύν
887 1488 1034 1575 ἐκρύφθη
1066 1488 1109 1562 εἰς
1138 1485 1171 1552 τό
1194 1483 1352 1588 σπηλαιογ

250 1593 305 1672 τῆς
325 1591 488 1674 ἐκκλησίας
507 1586 654 1664 Ἰωάννου
679 1597 737 1656 τού
759 1591 952 1676 προδρόμου,
981 1586 1059 1652 ὅπου
1081 1589 1167 1670 τω’ρα
1194 1595 1293 1650 κεῖται
1315 1605 1348 1648 το
1424 1599 1429 1612 ‘

250 1691 347 1773 τζαμί
367 1694 424 1758 τού
439 1685 558 1764 Ἀσλάν
581 1695 677 1757 nond.
730 1692 811 1776 ἔγινε
834 1695 868 1756 δὲ
890 1690 1011 1774 μεγάλη
1031 1693 1105 1772 περί
1127 1687 1230 1751 odiosi
1251 1687 1348 1770 ζητη-

251 1817 319 1874 σις,
357 1793 412 1857 καί
437 1794 543 1868 ούδείς
566 1787 659 1869 ἄλλος
687 1791 825 1878 ἐδυνήθη
847 1793 884 1857 νύ
908 1790 962 1856 τόν
983 1788 1060 1879 εύρη
1084 1787 1170 1873 παρύ
1196 1786 1231 1854 τό
1254 1787 1348 1870 μισό·

248 1919 377 1976 χριστυν
399 1897 462 1958 ταῖν
481 1896 643 1960 Ἰουδαίων
663 1897 769 1978 γένος,
792 1891 821 1958 οἱ
845 1892 947 1956 duvios
976 1893 1124 1978 φέροντός
1144 1915 1196 1954 τον
1217 1891 1346 1969 δέσμιον
1358 1897 1388 1956 ii

233 1990 305 2057 ’τόν
327 1997 517 2078 παρέδωσαν
538 1995 583 2069 εἰς
607 1994 682 2070 τούς
703 1996 820 2079 κριτάς,
843 1995 897 2058 καί
928 1992 980 2056 διὰ
1003 1991 1264 2074 προσταγῆςτῶν
1286 1985 1348 2072 υἷρ-

246 2091 370 2177 χόντων
391 2095 548 2179 Τούρκων,
566 2098 665 2178 χωρίς
691 2120 774 2170 τινος
795 2095 974 2174 ἐξετάσεως,
996 2091 1048 2157 τὸν
1069 2088 1207 2175 ἔγδαραν
1227 2093 1348 2168 ζωντα.

248 2193 311 2272 νόν,
331 2191 386 2256 καί
405 2192 589 2275 γεμίσαντες
612 2194 647 2258 τό
672 2198 772 2280 δέρμα
788 2221 843 2261 του
864 2189 984 2278 ἄχυρον
1006 2191 1039 2257 τό
1064 2195 1257 2277 περιέφερον
1280 2187 1345 2252 α’πό
1464 2267 1465 2290 1

249 2291 339 2357 πόλιν
362 2295 407 2369 εἰς
428 2291 528 2376 πόλιν,
553 2295 608 2359 καί
629 2301 713 2372 τέλος
735 2297 789 2360 καί
808 2299 852 2373 εἰς
882 2295 980 2378 αύτην
1001 2293 1055 2380 της
1080 2289 1348 2358 Κωνσταντινού-
1464 2339 1465 2379 ,

248 2401 348 2461 πολιν.
404 2397 525 2477 λέγεται
555 2399 589 2461 δὲ
610 2391 659 2461 ότι
694 2402 762 2463 ἐκεῖ
781 2395 926 2484 ε’σηκυύθη
955 2401 1010 2460 καί
1041 2392 1228 2480 δβασιλεύς
1248 2391 1286 2457 voi
1309 2389 1343 2456 τό
1355 2398 1388 2456 20

249 2495 313 2582 ἰδῇ,
336 2491 390 2558 καί
412 2493 509 2574 οὕτως
530 2495 698 2583 ἐπληρώθη
730 2498 763 2564 τό
785 2501 841 2584 τῆς
877 2497 1074 2584 προφητείας
1095 2517 1151 2560 του
1173 2490 1272 2574 λυξόν,
1295 2488 1346 2555 δτι

249 2591 360 2676 ἔμελλε
380 2595 419 2662 νδ
441 2598 545 2687 ύπύγῃ
576 2605 631 2663 καί
650 2602 694 2674 εἰς
723 2597 780 2684 την
802 2597 1149 2678 Κωνσταντινυύπολιν,
1171 2593 1226 2659 καί
1248 2589 1346 2666 αύτδς

249 2693 267 2757 δ
274 2696 438 2778 ’βασιλεύς
459 2697 498 2764 voi
522 2699 577 2765 τόν
597 2703 740 2788 σηκωθῇ.

248 3027 295 3098 qui
313 3027 347 3078 ad
365 3028 454 3080 lorum
477 3029 567 3092 ibant,
592 3038 619 3082 et
648 3029 849 3084 interfecerunt.
887 3031 1007 3084 libenter
1024 3030 1169 3084 voluerunt
1190 3031 1344 3098 generalem

248 3100 378 3161 omnium,
398 3099 491 3168 quiin
510 3100 629 3153 (instello
642 3101 856 3154 Christianorum
874 3102 1046 3166 habitabant,
1066 3103 1173 3154 caedem
1192 3104 1344 3165 instituere,

154 3167 157 3171 “
249 3169 296 3219 sed
315 3171 439 3220 nonnulli
460 3172 606 3240 prudentes
627 3175 708 3225 duces
729 3191 822 3226 eorum
841 3191 886 3226 eos
906 3175 939 3226 ab
960 3175 1010 3226 hac
1030 3192 1057 3226 re
1070 3175 1276 3244 prohibuerunt,
1300 3177 1345 3226 lo-

249 3241 359 3294 annitas
380 3250 469 3294 autem
488 3245 619 3312 pecuniae
639 3247 751 3299 omnino
775 3265 830 3299 non
850 3255 1047 3318 pepercerunt,
1067 3256 1096 3298 ut
1114 3246 1253 3298 barbaram
1274 3245 1343 3297 imno

249 3311 359 3366 eaedem
378 3313 502 3368 vitarent.

348 3399 496 3454 seditionis
516 3413 605 3456 autem
627 3407 681 3458 dux
701 3409 843 3475 Dionysius
864 3415 895 3460 ut
913 3407 1017 3460 audivit
1036 3408 1168 3460 clamores
1183 3407 1344 3471 Turcarum,

248 3478 275 3522 et
294 3487 356 3522 suos
377 3472 522 3540 dissipatos
540 3478 621 3540 vidit,
640 3479 758 3545 aufugit,
779 3489 806 3532 et
825 3482 852 3530 in
871 3487 976 3530 antrum
997 3483 1126 3532 ecciesiae
1148 3481 1255 3530 Ioannis
1277 3499 1342 3550 pro·

246 3541 331 3592 dromi
351 3561 378 3594 so
398 3545 513 3610 abdidit,
535 3550 580 3598 ubl
600 3567 672 3601 niuno
690 3554 740 3602 sita
761 3561 801 3603 est
818 3552 931 3602 ecclesia
953 3553 1056 3603 Asianis
1076 3551 1200 3623 paschae.
1229 3560 1270 3602 est
1292 3571 1343 3603 au-

245 3622 298 3664 tem
317 3625 428 3684 propler
446 3635 506 3669 eum
525 3636 620 3686 magna
641 3623 764 3674 instituta
786 3624 966 3691 investigatio,
987 3639 1077 3694 neque
1097 3625 1164 3674 alius
1186 3639 1245 3674 eum
1262 3641 1343 3694 repe-

212 3725 220 3744 „
245 3686 299 3735 rire
319 3689 410 3753 potuit
425 3699 530 3756 praeter
547 3693 683 3744 inimicam
702 3693 800 3744 Christi
822 3695 982 3746 ludaeorum
998 3704 1113 3762 gentem,
1134 3695 1180 3766 qui
1201 3711 1340 3746 eumcum

244 3757 363 3840 vinetum
383 3758 572 3827 adduxissent,
601 3763 737 3815 iudicibus
762 3766 948 3830 tradiderunt,
976 3775 1058 3837 atque
1084 3767 1112 3817 hi
1138 3767 1248 3836 quidem
1268 3769 1341 3818 iussu

244 3829 399 3911 principum
420 3831 564 3882 Turearum
583 3835 641 3884 sine
659 3838 716 3886 ullo
736 3837 839 3888 iudicio
851 3839 924 3889 corio
938 3847 1071 3888 exuerunt
1089 3839 1189 3900 vivum,
1209 3847 1236 3890 et
1252 3847 1340 3890 erstem

245 3915 302 3952 etos
320 3917 379 3950 eum
400 3903 525 3954 stramine
544 3905 746 3974 implevissent,
774 3909 808 3958 eb
836 3909 902 3960 urbe
926 3911 960 3960 ad
987 3910 1079 3961 urbem
1104 3911 1341 3972 circumferebant,

189 4043 191 4051 X
243 3979 408 4054 postremum
428 3977 507 4025 etlam
527 3975 801 4049 Constantinopolim.
839 3980 939 4032 dicitur
957 3992 1045 4032 arulam
1067 3983 1148 4032 etiam
1168 3998 1213 4032 rex
1232 3982 1270 4032 ibi
1283 3999 1339 4032 sur·
1419 3999 1422 4011 ·

244 4055 353 4104 rexisse,
375 4053 405 4095 ut
425 4061 483 4096 eam
502 4047 613 4108 videret,
632 4057 713 4118 atque
733 4052 771 4102 aie
793 4061 929 4120 peractum
949 4062 997 4114 ost,
1017 4053 1091 4122 quud
1110 4054 1237 4120 ambigue
1258 4068 1337 4122 prae-

244 4109 357 4174 dixerat,
375 4131 403 4165 se
425 4119 506 4167 etiam
518 4119 781 4192 Constantinopolim
799 4123 993 4194 proiecturum,
1013 4139 1155 4195 regemque
1173 4127 1261 4195 ipsum
1283 4123 1332 4178 sibi

245 4178 400 4240 sdwsimtt
418 4197 598 4242 surrecturum
620 4207 686 4243 essa.
