2946 4830
248 325 325 402 228
620 333 677 401 DE
706 327 838 402 REBUS
864 331 974 402 tenu

248 497 299 560 λιν
320 487 338 555 ό
360 489 511 576 τόραννος
531 492 652 572 adroic
672 495 851 581 όξορόττει,
873 497 929 562 καί
949 489 1049 560 αότόν
1070 489 1252 579 πιπράσκει.
1293 494 1353 559 καί

249 585 319 658 ὅσοι
341 593 404 659 τοῖν
423 590 484 658 όπό
508 591 563 680 την
584 597 750 682 ἐκκλησίαν
770 593 791 684 η’
812 598 959 684 πάροικοι
980 592 1041 660 tut
1057 593 1113 680 τὴν
1134 595 1353 679 κακοπραγίαν

247 694 352 759 acroi
384 697 659 784 ἐνααελείφθησαν
695 692 884 781 ἅνθρωποι,
907 701 1034 781 ἐξέβαλε
1060 699 1119 780 μὲν
1154 693 1273 772 αότοός
1294 697 1354 778 τῆς

248 799 435 882 Προνοίας,
466 798 523 860 σόκ
543 795 594 861 εἴα
616 800 651 864 δὲ
672 801 706 864 ἐν
730 801 768 886 τῇ
793 804 954 889 ἐκκλησίρ,
975 796 1056 866 άλλά
1074 800 1121 862 ’δι’
1144 793 1264 862 ἑαυτοῦ
1285 796 1350 860 αό-

248 893 301 970 τός
321 892 495 983 ἐπεκράτει.
539 899 594 962 καί
614 898 669 965 τόν
691 894 780 984 άγιον
807 902 842 965 δὲ
862 899 1003 968 Δονάτον
1024 897 1111 985 παρά
1134 901 1192 963 τοῦ
1213 901 1381 983 Μυρσι-5

248 997 400 1082 ροβέρτσυ
419 995 606 1082 ἐξωνήσατο.

351 1101 401 1185 Τῷ
425 1101 460 1162 δὲ
480 1101 563 1166 6889
585 1098 665 1188 ἔτει,
690 1099 752 1165 α’ντό
786 1103 821 1166 δὲ
842 1104 989 1186 Χριστοῦ
1013 1102 1103 1183 1382,
1125 1100 1297 1166 ι’νδικιιαῖνι
1319 1095 1354 1182 ε’,

246 1195 343 1284 ἔφερε
376 1198 430 1264 τόν
452 1199 589 1286 Κωστῆν
622 1201 704 1286 μετά
744 1204 912 1286 Τοόρκων,
947 1205 1002 1266 καί
1030 1199 1105 1278 τοός
1131 1203 1354 1275 Ζουλαναίους

245 1299 463 1386 ᾗχμαλοότισε.
508 1307 565 1367 καί
582 1328 628 1382 τις
655 1303 755 1392 σοφός
775 1301 874 1368 ου’τόν
903 1306 1157 1388 προσηγόρευσεν
1181 1295 1280 1374 οὕτως
1302 1303 1354 1365 εί-

245 1395 315 1462 ποόν
330 1400 473 1482 (ιΘωμᾶς
496 1397 511 1464 ὃ
532 1402 686 1488 δεσπότης
708 1401 987 1493 α’στοχησαςιτοός
1008 1407 1170 1477 Λατίνους
1194 1397 1350 1482 Τοόρκοις
1364 1417 1399 1495 to

152 1506 154 1515 ‘
246 1505 484 1581 συγκοινωνεῖ·”
512 1508 568 1568 καί
586 1503 768 1588 α’ποστάτην
792 1504 890 1570 αότόν
911 1505 1108 1588 ἐμαρτύρει,
1130 1507 1228 1585 λέγων
1250 1497 1298 1565 ότι
1322 1503 1355 1566 εί

244 1591 284 1682 ἦν
304 1607 518 1686 μεταποιῆσαι
543 1606 696 1670 άντίιυπα
718 1609 780 1669 τιόν
800 1604 984 1686 κτισμάτων,
1001 1606 1034 1670 ἓν
1058 1602 1138 1688 πρός
1160 1595 1236 1667 diro
1258 1600 1346 1684 εόρί·

246 1723 337 1766 σκετο
363 1695 421 1784 όν,
443 1701 476 1768 τό
499 1707 534 1769 di
556 1708 613 1769 τοῦ
634 1703 787 1786 διαβόλου
808 1708 919 1778 σκεόος
949 1706 1006 1767 οόκ
1029 1697 1069 1768 όν
1092 1695 1169 1768 ἄλλο
1190 1700 1351 1784 εὑρίσκετο

247 1801 279 1866 εἰ
299 1800 343 1885 μὴ
379 1800 413 1868 τό
447 1807 504 1868 τοῦ
529 1809 631 1888 Θωμά
662 1809 784 1889 σκῆνος.
828 1808 919 1870 τοῦτο
950 1807 985 1870 dt
1008 1807 1119 1870 inerter
1134 1801 1174 1868 ’τό
1195 1805 1255 1884 μὲν
1272 1805 1351 1886 πρό.

248 1925 338 1985 τερον
361 1899 399 1968 od
421 1891 577 1992 φανεράς,
601 1902 734 1988 ὕστερον
756 1910 791 1970 di
823 1910 878 1969 καί
897 1907 1135 1988 κατέμπροσθεν
1155 1904 1253 1968 αὐτοῦ
1278 1903 1351 1988 ἔκη’·
1364 1921 1399 1972 15

247 2007 332 2086 ρυξε,
354 2008 453 2090 λέγων
474 2011 631 2086 “τοιοῦτος
654 2001 686 2070 εἶ
702 2005 754 2088 σά,
778 2007 832 2070 καί
852 2001 934 2071 οὕτω
963 2030 998 2070 σε
1024 2007 1182 2089 λέγομεν.”

348 2109 419 2170 Καὶ
439 2111 480 2195 τῷ
502 2108 590 2196 αὐτῷ
610 2106 672 2173 ἔτει
696 2109 790 2172 πάλιν
810 2100 913 2193 Ιἦλθεν
935 2105 1084 2189 όἸσαΐμ,
1107 2107 1220 2172 Μαΐου
1243 2109 1276 2189 5,
1297 2098 1351 2170 ὅτε

246 2205 302 2268 καί
316 2203 372 2270 τόν
388 2205 559 2298 Ῥευνῆκον
578 2207 641 2271 cini
665 2209 803 2273 σπαθίον
824 2211 945 2296 ἐπῇραν
967 2206 995 2272 οἱ
1023 2211 1169 2291 Τοόρκοι,
1233 2213 1237 2222 '

346 2309 415 2372 Καί
435 2305 570 2375 πάλινό
603 2307 730 2386 Σπάτας
760 2301 1211 2394 ἧλθενὲωςτῆςᾊροόλης·
1254 2303 1349 2372 καίό
1441 2307 1448 2320 ’

245 2409 566 2494 Μυροιμακαζιανός,
588 2410 732 2494 γαμβρὸς
755 2402 799 2474 τόν
819 2415 876 2475 τοῦ
898 2409 1020 2492 Σπάτα,
1041 2411 1119 2490 μετὰ
1144 2409 1282 2494 μεγάλης
1301 2433 1348 2472 τι·
1357 2424 1399 2481 20

243 2514 305 2594 μῆς
328 2511 372 2584 εἰς
394 2509 448 2596 τὴν
478 2503 569 2576 πόλιν
599 2513 754 2595 εἰσῆλθε,
778 2513 833 2574 καί
861 2509 938 2592 μετά
975 2513 1026 2596 τῆς
1041 2510 1162 2595 Ἑλένης
1186 2504 1351 2574 τόνΣπά-

243 2637 302 2677 ταν
333 2611 623 2696 devoventium,
654 2611 709 2678 καί
735 2611 835 2678 αότόν
852 2611 1057 2698 ’ὑποστρέφει
1093 2609 1147 2674 καί
1176 2607 1250 2687 τούς
1281 2613 1350 2673 Ζε-

314 2806 356 2862 14.
378 2808 491 2865 tiatira?

243 2972 315 3026 oculi
330 2973 387 3024 eine
400 2989 450 3042 per
459 2973 529 3025 viros
547 2973 606 3044 pios
621 2989 670 3042 pro
689 2970 852 3040 Ωθθιιιιρτίι,
870 2977 899 3022 et
919 2987 1007 3022 rursus
1023 2978 1152 3038 tyrannus
1171 2987 1218 3023 eos
1239 2971 1349 3036 effodit,

164 3092 169 3100 ,
245 3060 360 3112 eumque
378 3043 492 3110 rendit3
509 3052 537 3095 et
556 3061 611 3106 eos,
637 3044 733 3114 quiex
753 3041 847 3096 ordine
871 3043 1052 3094 ecclesiastico
1072 3051 1120 3094 aut
1141 3043 1200 3094 eius
1217 3045 1350 3113 pravitati

225 3115 326 3167 ‘vicini
347 3113 435 3166 relicti
457 3123 541 3177 erant,
560 3131 593 3166 ex
612 3114 744 3164 coenobio
763 3113 948 3166 Providentiae
969 3114 1092 3184 expulit,
1111 3131 1201 3184 neque
1221 3115 1283 3165 sivit
1298 3133 1349 3167 eos

229 3185 272 3234 ‘in
292 3185 405 3236 ecclesia
423 3185 530 3247 morari,
551 3183 598 3236 sed
609 3185 668 3254 ipse
685 3202 772 3256 perse
792 3203 851 3236 eom
867 3187 1015 3254 occupavit,
1035 3195 1062 3238 et
1077 3195 1196 3238 sanctum
1208 3187 1349 3240 Donatum

243 3255 386 3307 adomino
406 3255 524 3307 Robertu
544 3255 665 3308 redemit.

342 3330 419 3379 Anno
439 3335 529 3380 autern
549 3326 629 3389 6889,
649 3347 675 3398 ρ.
698 3328 759 3381 Chr.
783 3346 810 3378 n.
830 3327 908 3393 1382,
930 3328 1087 3382 indictionis
1108 3331 1133 3394 5,
1155 3329 1262 3380 Costem
1283 3345 1348 3380 cum

243 3398 339 3451 'furcis
359 3399 482 3462 adduxit,
504 3409 531 3451 et
548 3400 694 3452 Zulenneos
714 3400 796 3469 cepit,
819 3407 847 3450 et
872 3401 979 3468 sapiens
998 3401 1109 3471 quidam
1131 3419 1191 3452 eum
1211 3403 1350 3452 uiiocutue

243 3478 285 3522 eut
303 3469 346 3522 his
363 3472 473 3537 verbis,
487 3470 605 3525 Thomas
623 3482 751 3539 tyrannus
773 3471 876 3524 Latinis
896 3469 1009 3524 desertis
1028 3491 1086 3524 curn
1107 3473 1201 3524 Turcic
1222 3473 1296 3540 ugit,
1319 3482 1350 3524 et

243 3551 393 3612 apostatum
419 3559 480 3594 eum
507 3561 564 3594 esee
594 3551 707 3594 testatus
738 3551 795 3606 eet,
823 3555 883 3593 cu‘m
906 3543 1025 3607 diecret,
1047 3545 1069 3595 ei
1092 3543 1229 3612 diffingere
1250 3545 1351 3596 liceret

244 3615 397 3683 antitypum
415 3615 532 3677 mundi,
559 3614 634 3664 eliud
662 3631 711 3682 pro
732 3611 785 3664 ulia
805 3630 833 3678 re
855 3603 993 3665 inventum
1022 3615 1076 3678 iri,
1101 3615 1175 3686 quod
1200 3623 1288 3666 nutem
1312 3615 1351 3666 ad

234 3683 346 3738 diaboii
370 3702 467 3755 corpus
493 3687 628 3748 attineat,
653 3683 729 3736 atiud
747 3686 852 3736 nullum
876 3687 1013 3738 inventum
1033 3688 1066 3738 iri
1088 3687 1140 3738 nisi
1160 3686 1280 3738 'thomae
1298 3703 1353 3738 co-

243 3755 333 3812 dnver.
379 3755 445 3808 haec
474 3757 583 3827 quidem
609 3764 687 3807 antee
718 3773 774 3810 non
799 3767 893 3826 operte
921 3757 1099 3828 loquebatur,
1135 3767 1229 3828 postea
1255 3766 1350 3810 cirtem

243 3829 324 3879 etium
344 3844 432 3879 corum
451 3844 483 3880 eo
503 3827 705 3898 pronuntiabat,
724 3828 766 3879 his
786 3829 895 3880 verbio:
931 3829 993 3882 ralis
1014 3839 1098 3892 tues,
1117 3839 1145 3882 et
1164 3828 1217 3881 hoc
1235 3831 1351 3900 npmine

242 3905 270 3949 te
289 3915 424 3951 vocamus.

342 3974 431 4040 Atque
452 3967 548 4022 eodem
567 3987 638 4022 anno
658 3970 736 4032 ludim
755 3987 875 4022 renerius
902 3979 951 4037 est,
969 3973 1070 4027 mensis
1091 3972 1157 4024 dieii
1178 3971 1223 4024 die
1242 3973 1266 4036 5,
1285 3990 1351 4026 cum

244 4041 325 4092 etium
344 4043 497 4094 Reunecum
517 4041 606 4108 gladio
626 4051 752 4110 caperent
766 4045 878 4094 Torone.

342 4113 376 4164 Et
395 4130 484 4164 rursus
504 4113 600 4181 Spatee
620 4131 705 4183 unque
723 4111 758 4164 nd
776 4115 882 4164 trulum
902 4116 990 4176 venit,
1019 4123 1047 4166 et
1066 4114 1191 4168 dominus
1212 4113 1362 4170 Macaria-.

241 4197 303 4244 nus,
323 4182 404 4250 gener
415 4183 523 4252 Spatne,
542 4184 643 4252 mugnis
665 4201 723 4236 curn
737 4183 886 4236 honoribus
905 4185 933 4238 in
952 4185 1047 4248 urbem
1066 4188 1148 4250 venit,
1168 4197 1196 4240 et
1213 4205 1273 4238 curn
1287 4187 1352 4240 He-

243 4252 307 4308 lene
329 4253 439 4324 Sputum
457 4255 628 4312 matrimonio
648 4254 712 4308 fictu
732 4254 872 4322 conducit,
893 4264 921 4312 et
942 4273 1002 4310 eum
1024 4267 1201 4316 revertentem
1221 4244 1353 4324 incuset
