2922 4824
276 235 327 306 ου
433 337 435 344 Ι
727 235 923 325 saroam

190 403 208 442 ·'
279 387 355 455 α’ντό
376 378 489 453 τόότου
511 387 648 470 προέστη
662 388 719 450 τοῦ
737 388 968 470 πατριαρχείου
987 382 1129 472 Ἰοοάσαφ
1146 382 1164 448 ό
1180 385 1216 452 τό
1236 387 1370 472 Ιἐπίκλην

280 485 400 560 Κόττας.
450 482 485 559 tc
515 482 625 548 ἔπεσεν
658 486 704 558 εἰς
729 484 890 556 σκάνδαλα
919 484 997 564 μετά
1027 489 1091 550 ταῖν
1120 489 1291 568 κληρικιόν,
1316 488 1373 549 καί

279 590 410 669 ἐξῆλθεν
433 579 584 649 άσθενῶν.
605 579 622 645 ό
645 584 680 647 δὲ
700 587 891 668 παραίτησιν
913 583 1047 667 ποιήσας
1069 584 1269 668 πατριάρχης
1282 587 1371 648 Teu-

278 683 394 769 νάδιος,
414 667 577 754 κατελθών
604 684 637 750 ἐν
667 687 706 769 τῇ
734 679 814 769 μονῇ
837 686 895 746 τοῦ
917 683 1008 764 ἁγίου
1034 683 1216 764 προδρόμου
1237 689 1372 766 πλησίον

279 789 406 868 Στρρῶν
436 787 489 847 καί
513 785 581 846 ἐκεῖ
606 780 791 865 ἡσυχάζων,
820 786 854 846 ἐν
882 786 989 869 εἰρήνη
1011 781 1164 866 ἐκοιμήθη
1185 785 1399 862 μετατεθείς5

278 888 324 959 εἷς
347 884 404 958 τάς
426 883 571 956 αἰωνίους
595 881 704 961 μονάς.
746 879 801 944 καί
817 878 855 944 τά
875 885 934 961 μὲν
953 883 1007 962 τῆς
1029 869 1193 965 ἐκκλησίας
1215 877 1311 945 νότον.
1333 937 1337 946 .

340 980 468 1048 Μαθοόν
489 983 523 1045 δὲ
542 980 559 1042 δ
581 985 750 1052 σουλττῖνος
771 977 814 1054 οός
827 978 855 1044 οἱ
876 979 935 1044 δόο
956 981 1094 1065 άδελφοί
1114 979 1143 1043 οἱ
1166 977 1318 1044 δεσπόται
1333 975 1369 1043 osi

220 1136 222 1144 s
245 1077 251 1094 ⁸
276 1081 524 1164 συμβιβάζονται
535 1074 616 1142 άλλά
627 1084 700 1144 καθ’
710 1075 844 1164 ἑκάστην
861 1078 968 1161 ἔχουσι
980 1079 1150 1160 σκάνδαλα,
1168 1083 1221 1142 καί
1234 1076 1281 1142 ότι
1297 1073 1371 1144 orire

276 1180 312 1246 τό
328 1183 500 1266 χαράτζιον
511 1184 705 1262 παρέχουσιν
722 1173 797 1261 ὅπερ
810 1179 993 1261 ὑπέσχοντο,
1006 1182 1059 1244 καί
1071 1179 1106 1244 τό
1124 1191 1242 1262 χεῖρον,
1255 1176 1303 1246 ότι
1317 1185 1372 1252 καιΙ

215 1265 217 1272 i
277 1279 294 1343 ό
316 1279 422 1363 κόριος
444 1278 624 1362 Δημήτριος
644 1280 855 1362 διεμηνόσατο
878 1277 921 1354 τός
947 1277 1121 1363 όδδελφός
1135 1279 1234 1342 αὐτοῦ
1249 1281 1368 1357 Θωμᾶς
1381 1293 1413 1344 10

277 1379 338 1460 οόχ
360 1378 478 1442 ἵσταται
499 1379 544 1452 εἰς
567 1375 624 1448 τάς
645 1380 832 1460 συμφωνίας
854 1374 890 1450 tc
909 1376 1088 1460 ἐποιήσατο,
1110 1378 1177 1441 ἀλλ’
1203 1373 1251 1440 δτι
1271 1383 1328 1441 καί
1351 1379 1368 1460 ἡ

276 1474 395 1540 παλαιά
424 1475 543 1556 Πάτρα
567 1476 621 1538 καί
639 1473 676 1538 τά
705 1475 917 1557 Καλάβρυτα,
939 1470 960 1540 όῖ
981 1479 1121 1540 δέδωκαν
1153 1480 1192 1563 τῇ
1210 1477 1369 1563 βασιλείᾳ,

276 1577 442 1641 όπέκλιναν
464 1575 549 1662 αότῷ
569 1575 623 1638 καί
643 1570 693 1638 δτι
714 1577 769 1638 καί
788 1576 822 1638 ἐκ
844 1579 906 1638 ruis
924 1571 1052 1657 χωρίων
1077 1577 1178 1640 αότοό
1198 1577 1254 1640 τοῦ
1272 1578 1367 1640 α’δελ-

277 1680 341 1761 φοῦ
363 1673 525 1756 δρπάζει’
570 1679 626 1740 καί
651 1672 757 1757 ἔλεγεν
788 1673 874 1760 arisai
902 1672 1034 1760 γράφων
1065 1677 1118 1738 ἵνα
1139 1679 1276 1763 νατὲλθη
1313 1675 1370 1738 καί

200 1768 202 1782 ’
236 1771 356 1858 ιὸλόβη
376 1769 512 1856 αότοάς,
540 1777 649 1854 θυμοῦ
672 1772 823 1856 πλησθεὶς
854 1768 983 1857 δ’ρμησε
1007 1774 1086 1837 κατὰ
1110 1777 1367 1857 Πελοποννήσου.
1379 1785 1409 1836 15

259 1865 399 1964 γὑπῆρχε
422 1875 457 1936 δὲ
478 1871 547 1937 τότε
570 1871 585 1934 ό
620 1876 675 1938 τοῦ
691 1874 848 1938 δεσπότου
869 1870 1130 1956 χυναικάδελφος,
1151 1875 1326 1948 Ματθαῖος
1349 1872 1366 1936 ό

272 1969 381 2052 Ἀσάν,
403 1973 437 2035 ἐν
451 1971 607 2060 Κορώνη·
649 1978 704 2038 καί
723 1972 767 2056 μὴ
785 1971 872 2055 ἔχων
892 1974 925 2036 τί
944 1971 998 2035 καί
1012 1961 1164 2056 ποιήσειε,
1185 1975 1368 2055 παρέδωκεν

160 2067 162 2070 ’
275 2073 360 2157 aurai
381 2070 414 2134 τό
436 2071 624 2152 θαυμαστόν
645 2073 788 2156 κάστρον.
832 2068 926 2147 αότός
947 2073 992 2153 δέ,
1017 2065 1096 2152 άρας
1119 2069 1175 2134 τόν
1194 2069 1292 2136 Ἀσάν
1315 2075 1371 2136 καί

274 2169 344 2245 νοός
363 2173 428 2250 μετ’
447 2172 550 2234 αότοό
583 2171 795 2254 στρατιώτας,
818 2169 976 2253 ἐπορεύθη
1006 2166 1086 2234 όπου
1109 2163 1147 2253 ἢν
1171 2168 1187 2234 ό
1214 2167 1369 2254 δεσπότης

275 2271 310 2333 όν
325 2271 368 2356 τῷ
391 2271 602 2359 Μιζιθρρῖντῇ
625 2273 880 2354 Λακεδαρμονίρ·
903 2263 1003 2344 άλλως
1023 2266 1085 2353 γάρ
1102 2263 1159 2332 uria
1181 2263 1246 2350 εἶχε
1272 2272 1409 2351 ποιῇ-λθ

172 2423 177 2426 .
264 2377 339 2434 ἀνι.
357 2423 360 2436 .
381 2366 512 2452 αἰτήσας
544 2363 601 2434 σόν
621 2367 689 2434 τινά
716 2367 879 2454 ζητήματα
905 2366 990 2452 παρά
1021 2365 1077 2433 soii
1099 2365 1259 2453 αόθεντός,
1280 2364 1368 2446 ὅπως
1456 2381 1457 2395 ’

273 2467 354 2556 λάβῃ
368 2465 429 2552 την
449 2472 609 2554 θυγατέρα
631 2463 732 2532 αότοῦ
753 2471 798 2544 εἰς
820 2475 954 2550 γυναῖκα
976 2469 1033 2532 καί
1052 2465 1118 2555 δαόη
1141 2470 1229 2555 auspi
1249 2468 1304 2531 aui
1324 2468 1367 2532 τά
1455 2489 1456 2495 ’

272 2729 479 2800 appellitabant.
497 2730 544 2800 qui
563 2746 621 2782 cum
639 2729 721 2782 breve
732 2737 837 2800 tempus
855 2729 886 2781 in
908 2729 955 2780 iiia
973 2727 1106 2796 dignitate
1125 2728 1248 2794 sedisset,
1268 2749 1365 2784 somno

273 2802 323 2852 itto
342 2799 423 2852 beato
441 2803 546 2870 sopitus
571 2801 649 2852 obiit.
694 2801 825 2853 successit
845 2803 870 2851 ei
896 2801 1065 2869 loasaphus,
1084 2804 1243 2870 cognomine
1262 2803 1364 2867 Cosas,
1451 2849 1452 2858 ,

257 2873 321 2942 ¹qui
343 2873 372 2922 in
393 2873 581 2925 contentiones
598 2889 658 2923 cum
680 2873 784 2923 clericis
813 2869 939 2940 delapsus
958 2879 1098 2938 aegrotans
1117 2873 1209 2926 exivit.
1245 2872 1294 2924 ilie
1314 2891 1366 2924 arr·
1440 2909 1443 2916 ‚

274 2953 326 2994 tem
345 2943 427 3005 alter,
446 2944 491 3012 qui
511 2943 703 3012 patriarchatui
727 2943 936 3004 renuntiaverat,
955 2959 982 2992 se
1001 2942 1029 2992 io
1050 2941 1211 2993 coenobium
1228 2943 1255 2994 S.
1281 2947 1363 2995 loan-
1450 2941 1451 2950 ό

273 3015 316 3066 nis
334 3013 487 3074 Prodromi‚
512 3011 587 3081 quod
606 3011 640 3062 ad
660 3012 751 3064 Serras
771 3021 821 3075 eat,
839 3013 971 3078 contulit3
1004 3012 1053 3068 ubi
1070 3014 1155 3082 quieti
1175 3012 1282 3065 deditus
1304 3017 1364 3084 pia·
1449 3029 1450 3034 ’

273 3084 331 3136 cide
350 3082 419 3134 diem
440 3099 517 3134 suum
536 3083 615 3143 obiit,
642 3084 673 3136 'in
692 3093 802 3134 aeterna
822 3083 967 3136 translatus
987 3081 1133 3135 domicilia.
1168 3083 1213 3135 hie
1231 3085 1363 3138 ecciesiae

274 3171 310 3206 ea
323 3159 483 3222 tempestate
502 3161 588 3205 statua
608 3162 674 3206 erat·
1346 3172 1349 3176 ·

361 3240 426 3290 Cum
456 3239 489 3290 ad
508 3240 643 3291 s'uitanum
668 3240 778 3292 allatum
799 3247 870 3291 esset
894 3240 965 3291 inter
986 3239 1159 3308 Palaeoiogoa
1178 3241 1273 3292 fratres
1292 3240 1363 3292 duos

273 3309 398 3380 despotas
415 3327 470 3361 non
489 3313 642 3370 convenire,
661 3310 707 3362 aed
721 3309 892 3378 quotidianas
906 3313 977 3361 inter
994 3327 1039 3361 eos
1062 3315 1274 3363 concertationes
1294 3329 1363 3376 esse,

273 3397 323 3432 nee
342 3383 406 3432 item
425 3382 565 3444 tributum,
584 3379 658 3452 quoti
677 3390 849 3444 convenerat,
869 3381 903 3430 ab
922 3381 961 3432 eia
979 3381 1071 3450 pendi,
1091 3391 1127 3444 et,
1147 3382 1218 3451 quod
1239 3383 1327 3450 peius,
1348 3401 1363 3433 a

275 3453 574 3520 Demetriosignificari
604 3453 710 3503 fratrem
728 3451 859 3502 'l'homam
878 3455 1017 3503 consentis
1045 3470 1101 3503 non
1119 3461 1197 3516 stare,
1216 3453 1265 3504 sed
1283 3463 1364 3504 vete-

180 3532 181 3536 ’
274 3539 315 3575 res
334 3526 421 3575 Patras
441 3533 468 3576 et
487 3524 649 3592 Calabryta,
668 3539 737 3592 quae
754 3523 839 3590 ipsius
859 3523 992 3574 maiestati
1011 3523 1103 3574 dedita
1124 3531 1223 3586 errent,
1241 3525 1363 3574 animum

273 3593 308 3644 ad
328 3593 399 3645 hamc
416 3595 557 3652 inclinare.
577 3610 693 3662 eumque
713 3610 745 3642 er
765 3591 873 3644 dicione
893 3593 982 3644 fratris
1000 3594 1113 3662 praedae
1132 3610 1225 3660 agera3
1245 3611 1363 3665 cumque

272 3664 315 3715 his
338 3665 371 3716 δε
391 3667 474 3716 causis
494 3665 527 3716 ab
547 3665 643 3716 eodem
662 3665 797 3713 Demetrio
811 3663 901 3714 iiteris
922 3663 956 3714 ad
975 3666 1046 3733 ipsos
1065 3674 1092 3716 et
1113 3665 1211 3734 oppida
1230 3666 1363 3734 capienda

273 3743 444 3805 evocaretur,
473 3736 511 3786 ira
535 3735 587 3785 itte
603 3735 719 3802 parcitus
738 3734 843 3785 infestis
869 3735 948 3784 armis
969 3736 997 3786 in
1016 3736 1227 3804 Peloponnesum
1247 3745 1363 3788 conten·

273 3805 322 3856 dit.
344 3814 417 3868 ,erat
433 3815 498 3857 tima
514 3804 667 3857 Matthaeus
688 3809 776 3866 Asara,
795 3808 871 3856 cuius
892 3807 1057 3857 sororem-in
1076 3807 1247 3858 matrimonio
1262 3806 1363 3859 Deme-

273 3877 340 3926 trius
362 3875 495 3937 habebat,
522 3875 665 3941 Coroneam,
684 3877 730 3944 qni
756 3876 828 3926 Aean
847 3891 910 3944 ‚ope
933 3875 1095 3939 destitutus,
1116 3893 1175 3928 cum
1194 3876 1271 3928 atiud
1289 3877 1363 3930 nihii

292 3955 372 4008 osset,
392 3946 557 3998 deditionem
584 3947 712 4016 praeclari
740 3945 819 3996 huius
838 3946 1026 4014 oppidi'feeit.
1070 3948 1138 4015 ipse,
1157 3950 1243 3999 Arane
1262 3949 1362 4002 mititi-

215 4030 220 4036 ·
272 3963 378 4088 iusque
398 4019 455 4068 eius
475 4019 625 4087 assumptis,
645 4019 763 4085 Spartam
783 4017 1009 4069 Lacedaemoniae
1030 4019 1155 4086 regionis,
1174 4018 1221 4070 ubi
1243 4018 1362 4088 despota

196 4109 200 4120 ·
274 4087 423 4142 Demetrius
444 4089 771 4158 morabatur-,profectus
790 4097 849 4139 ests
868 4088 948 4140 aliter
966 4089 1038 4140 euim
1060 4089 1148 4141 t'acere
1166 4107 1222 4141 uon
1238 4099 1360 4160 poterat.
