2954 4816
262 268 332 338 108
715 216 913 332 ntsvotut

260 444 334 494 νοος
357 411 435 484 durni
459 415 678 499 πατριάρχης·
734 409 807 500 ἦτον
830 419 864 480 δὲ
887 414 906 496 ἢ
930 413 1067 494 πατρίδα
1091 412 1190 484 orituri
1211 407 1272 472 α’πό
1299 403 1359 488 τὴν

261 517 507 600 Πελοπόννησον
534 507 631 598 ἧγουν
663 515 724 578 cini
751 513 803 578 τὸν
826 516 1003 592 Mosaios,
1026 515 1080 574 καί
1108 503 1205 593 ἦλθεν
1228 510 1291 573 diui
1315 509 1371 579 εἰς

261 613 318 697 τή“ν
337 613 671 680 Κωνσταντινοιίπολιν
690 612 806 697 μικρὸν
825 613 926 696 παιδί,
948 611 1003 676 καί
1024 603 1099 692 ἦτον
1121 610 1166 682 είς
1186 607 1242 688 τήν
1262 605 1364 687 μονὴν

239 716 325 778 ,τῶν
345 713 549 794 Μαρηιὰνων,
581 715 636 774 καί
657 709 755 792 ἔχινεν
776 706 986 782 ὑποτακτικὸς
1019 707 1119 786 κυροῦ
1141 704 1282 785 Μάρκου
1304 709 1362 764 τοῦ

262 813 443 892 Ειίχενικοῦ,
466 811 546 892 λέγω
569 813 624 874 τοῦ
645 813 787 894 Ἐφέσου.
832 807 888 870 καί
908 805 1003 880 αὐτὸς
1024 802 1077 869 τὸν
1097 803 1283 884 τίνα’θρεψε,
1308 801 1391 863 καί5

262 909 316 975 τὸν
339 909 440 990 ἔμαθε
462 912 517 973 καί
536 909 576 973 τὰ
609 905 680 989 ἱεροὶ
713 907 902 990 γράμματα,
935 909 991 970 καί
1010 903 1064 970 τὸν
1083 906 1208 979 ἐδίδαξε
1231 904 1284 965 καί
1305 898 1364 982 τήν

260 1005 455 1090 μοναστικὴν
484 1009 643 1074 πολιτείαν
664 1013 719 1089 τῆς
739 1009 958 1088 καλοχερικης,
982 1007 1039 1067 καί
1068 1000 1124 1067 τὸν
1145 999 1365 1083 ἐχειροτόνησε
1468 989 1469 1008 ’

263 1104 372 1172 διάκον
393 1109 450 1170 καί
469 1105 589 1190 ἱερέαν·
633 1107 689 1170 καί
707 1097 780 1189 ἦτον
800 1107 868 1185 ’μετ’
894 1107 995 1170 orituri
1020 1101 1079 1177 ἕως
1103 1095 1176 1186 ὅλης
1200 1106 1257 1183 τῆς
1281 1100 1365 1182 ζωῆς

265 1206 381 1286 αὐτοῦ,
403 1209 462 1269 τοῦ
481 1209 633 1288 γέροντος,
668 1203 772 1268 αὐτοῦ
804 1206 861 1268 τοῦ
886 1204 1029 1288 Ἐφέσου.
1082 1201 1137 1264 καί
1157 1195 1232 1264 ὅταν
1251 1198 1365 1262 inuisi-
1469 1267 1470 1274 η

264 1326 345 1388 μησε
367 1303 483 1387 ταύτην
503 1304 561 1386 τη“ν
577 1302 914 1370 Κωνσταντινοιίπολιν
934 1301 952 1366 o‘
975 1297 1255 1380 ου’τόςσουλτιίνος
1278 1295 1363 1360 ὀποῦ
1376 1317 1412 1366 10
1469 1387 1470 1390 Ἴ

265 1399 324 1480 τηίι
346 1403 461 1483 tuias,
493 1399 613 1486 εδρὲθη
640 1404 705 1466 τότε
737 1399 951 1475 audieritis
982 1397 1072 1480 κιίρις
1093 1395 1262 1470 Διονύσιος
1283 1396 1362 1483 idei,
1470 1486 1471 1490 χ

268 1497 322 1561 καί
340 1501 462 1584 ε’πῆραν
483 1500 579 1565 ου’τόν
600 1498 803 1582 αἰχμάλωτον
822 1497 902 1579 μετὰ
923 1500 977 1563 καί
1003 1491 1107 1560 ἄλλων
1129 1497 1254 1566 πολλῶν
1276 1497 1365 1576 Χρι.
1470 1491 1471 1576 i

267 1599 419 1680 στιανοῖν,
454 1597 579 1680 ἀνδρῶν
610 1601 665 1662 καί
693 1601 850 1680 γυναικῶν
885 1602 940 1662 κοί
971 1599 1115 1660 παιδίων.
1166 1593 1305 1676 α’χόρασε
1328 1594 1367 1657 δὲ
1470 1599 1471 1602 ’

267 1696 374 1776 αιίτόν,
394 1696 447 1761 τὸν
466 1697 556 1779 κιίριν
575 1694 750 1779 Διονύσιον,
770 1700 815 1770 είς
838 1700 895 1779 τῆν
923 1691 1187 1775 Ἁδριανοιίπολιν
1207 1691 1279 1766 ἕνας
1302 1687 1367 1776 ἄρ.

267 1819 338 1874 χων
357 1795 489 1872 ὀνόματι
512 1795 697 1878 Κυρίτζης,
725 1796 780 1857 καί
807 1793 862 1858 τὸν
891 1794 1099 1876 ἐλευθέροισι.
1143 1792 1197 1854 καί
1221 1787 1283 1854 ἀπὸ
1309 1789 1415 1873 vialis
1471 1791 1472 1802 ³

267 1891 366 1976 καλὴν
386 1889 502 1975 α’ρετὴι
525 1891 605 1954 tuot
626 1886 748 1974 εἶχεν-ὁ
768 1890 863 1967 αδτὸς
892 1891 981 1975 κύρις
1003 1890 1181 1965 Διονύσιος,
1203 1886 1284 1971 ἔχινε
1304 1915 1369 1972 μη-

268 1989 758 2075 τροπολίτηςΦιλιππουπόλεως,
779 1989 1013 2074 χειροτονηθείς
1033 1987 1119 2072 παρα
1142 1991 1196 2052 τοῦ
1209 1987 1369 2070 πατριάρ,

210 2109 260 2162 123
268 2111 328 2170 χου
356 2091 547 2169 Σχολαρίου.
606 2084 676 2153 εἶτα
706 2087 761 2152 καί
792 2086 989 2172 πατριάρχης
1018 2090 1151 2169 ἐγένετο.
1204 2089 1258 2151 καί
1280 2084 1371 2158 ὦσαν

269 2179 345 2268 η’τον
362 2189 409 2261 εἰς
429 2187 484 2250 τὸν
504 2185 734 2269 πατριαρχικδν
756 2187 882 2271 θρόνον,
904 2187 920 2250 ὁ
943 2187 1061 2271 ἐχθρὸς
1076 2189 1131 2251 καί
1144 2193 1292 2268 πολέμιος
1304 2188 1369 2250 τοῖν

270 2287 485 2364 Χριστιανῶν,
505 2289 585 2367 λέγω
607 2282 623 2346 ὁ
645 2283 801 2368 διάβολος,
825 2285 985 2371 ἐφθόνησε
1008 2284 1064 2368 την
1089 2283 1215 2370 εἰρήνην
1235 2287 1290 2348 καί
1308 2279 1416 2366 τὴν20

270 2382 460 2447 κατάστασιν
487 2383 568 2446 <inuri
596 2377 720 2467 εἶχενῆ
752 2388 898 2467 ἐκκλησία
919 2385 976 2448 τοῦ
997 2387 1161 2468 Χριστοῦ,
1197 2387 1251 2448 κατ’
1273 2381 1368 2465 ἔβαλε

270 2479 327 2544 καί
355 2476 483 2562 ἔσπειρε
513 2481 638 2560 ζιζάνια
673 2486 727 2546 καί
747 2481 908 2548 σκάνδαλα
938 2485 983 2558 εἰς
1004 2481 1077 2556 τοὺς
1097 2481 1278 2566 κληρικοιίς,
1314 2479 1372 2544 καί

270 2573 506 2666 ἐσυκοφάντουν
528 2581 581 2645 τὸν
602 2579 702 2646 ariade
723 2579 922 2668 πατριάρχην
943 2579 992 2646 dn
1010 2579 1078 2646 ἔναι
1102 2581 1368 2665 περιτετμημένος

271 2834 335 2901 egit.
374 2843 431 2888 erat
457 2838 543 2906 patria
568 2829 624 2890 eius
657 2839 685 2889 in
702 2839 914 2910 'Peinponneso‚
939 2855 1009 2909 quae
1035 2855 1108 2890 nnnc
1128 2838 1236 2890 Moraea
1256 2837 1369 2902 dicitur;

271 2913 415 2975 aetateque
434 2909 564 2974 puerulus
583 2909 636 2960 hue
656 2907 755 2978 Gpolin
770 2918 880 2960 venerat
899 2917 926 2959 et
947 2911 974 2960 in
990 2910 1183 2977 Manganorum
1202 2911 1368 2959 monasterio

270 2977 382 3027 vixerat.
418 2977 457 3027 ibi
479 2979 568 3029 Marco
590 2980 725 3046 Eugenico
746 2980 845 3048 Ephesi
870 2980 1060 3048 metropolitae
1080 2997 1108 3030 se
1133 2978 1291 3033 subdiderat
1313 2979 1367 3028 mi·

271 3048 402 3111 nistmm;
425 3049 472 3116 qui
496 3050 520 3098 ei
535 3050 635 3099 victum
655 3049 788 3117 praebens
807 3052 834 3099 in
853 3052 933 3100 sacris
959 3052 1040 3101 etiam
1059 3051 1144 3100 literis
1164 3050 1319 3105 instituerat
1341 3057 1370 3098 et

272 3115 307 3165 ad
325 3131 445 3166 severam
464 3119 629 3172 monasticae
647 3122 717 3170 vitae
738 3122 891 3186 gravitatem
911 3121 1103 3184 informaverat
1121 3119 1319 3187 diaconumque
1340 3127 1369 3168 et

272 3185 459 3252 presbyterum
483 3185 664 3242 ordinaverat.
709 3198 927 3257 perseveraverat
955 3192 1048 3258 itaque
1078 3206 1138 3240 cum
1168 3188 1218 3238 hoc
1246 3189 1367 3257 Ephesio

275 3270 340 3305 sene
359 3255 393 3304 ad
413 3257 505 3306 omries
528 3256 586 3308 dies
612 3260 682 3310 vitae
700 3262 768 3311 eius.
814 3259 922 3312 obsessa
944 3261 1044 3312 deinde
1069 3261 1210 3311 asuitnno
1231 3260 1296 3308 urbe
1317 3259 1372 3309 suit

275 3325 349 3375 intus
366 3324 447 3375 etiam
466 3327 609 3393 Dionysius
630 3328 688 3395 hic3
718 3339 746 3381 et
764 3339 915 3398 expugnata
943 3331 1036 3399 captus'
1054 3338 1096 3380 est
1118 3347 1176 3380 cnm
1194 3329 1254 3380 aliis
1276 3329 1371 3380 nuritis

276 3393 449 3458 Christianis,
477 3397 539 3449 viris
562 3399 667 3450 seminis
693 3410 720 3450 et
746 3402 846 3470 pueris*
888 3401 1032 3452 abductum
1062 3408 1152 3451 autem
1172 3399 1371 3467 Adrianopolin

227 3483 231 3492 “
276 3466 342 3517 emit
362 3467 531 3536 sicquidem
551 3471 691 3536 primarius
709 3473 818 3522 nomine
838 3471 951 3535 Cyritza‚
977 3479 1004 3523 et
1025 3473 1052 3520 in
1071 3471 1225 3520 libertatem
1244 3469 1372 3519 vindica·

275 3535 323 3586 vit.
361 3552 392 3587 ea
411 3537 509 3590 deinde
527 3539 627 3592 virtute
645 3541 789 3606 Dionysius
821 3542 921 3592 enituit
938 3549 968 3592 nt
994 3541 1168 3609 metropolita
1188 3539 1373 3608 Philippopo-

278 3606 336 3658 leos
358 3607 443 3659 factus
474 3609 524 3672 sit,
544 3625 558 3659 a
578 3609 725 3678 patriarcha
751 3611 890 3662 Schoiario
913 3611 1071 3662 declaratus.
1107 3609 1215 3661 tandem
1234 3610 1372 3660 illustrem

278 3693 389 3745 quoque
408 3678 576 3746 patriarchae
595 3680 704 3746 gradum
725 3682 882 3732 consecutus
902 3691 950 3733 est.
988 3691 1131 3751 postquam
1149 3679 1200 3730 hoe
1219 3681 1299 3729 modo
1319 3697 1372 3746 pa-

277 3746 449 3798 triarchicum
472 3748 591 3799 obtinuit
610 3751 746 3813 thronum,
764 3770 823 3802 cnm
844 3752 913 3803 nihil
930 3761 982 3802 tam
995 3752 1134 3819 prodesset
1152 3751 1280 3800 ecciesiae
1292 3747 1375 3799 Chri.

277 3817 312 3867 sti
331 3833 412 3886 quam
431 3835 483 3886 pax
510 3827 538 3869 et
557 3821 720 3888 tranquillus
741 3839 827 3872 rerum
846 3821 939 3884 status,
968 3839 1028 3872 ecce
1048 3823 1173 3871 inimicus
1194 3820 1302 3870 hnmani
1321 3836 1375 3884 ge-

277 3887 349 3938 neris
368 3889 639 3940 et'irrcconcinbilis
669 3889 754 3942 hostis
782 3891 994 3944 Christianorum
1021 3909 1078 3942 eam
1103 3891 1269 3950 felicitatem,
1289 3907 1375 3957 qnam

277 3963 342 4007 tunc
360 3957 474 4010 ecclesia
503 3958 638 4025 habehat,
663 3962 687 4012 ei
705 3962 821 4024 invidit,
848 3963 995 4014 immittens
1021 3969 1049 4013 et
1077 3960 1253 4012 disseminans
1273 3959 1376 4011 infelix

277 4026 372 4078 lolium
389 4037 417 4080 et
433 4030 588 4084 offensionis
606 4032 687 4099 piena
705 4031 768 4082 odia
787 4034 814 4082 in
833 4033 990 4084 clericorum
1019 4033 1131 4093 animos,
1152 4040 1181 4082 nt
1200 4030 1377 4098 improbissi-

276 4111 345 4147 mam
367 4097 400 4150 de
418 4100 571 4168 patriarcha
591 4102 751 4154 calumniam
773 4118 897 4172 spargere
916 4121 972 4156 non
991 4102 1155 4164 dubitarent,
1178 4101 1267 4170 ipsum
1288 4101 1376 4153 fuisse
