2954 4816
238 244 309 320 rat
436 213 438 220 ¹
680 253 905 322 ursnoma.

234 400 277 478 cic
299 401 369 476 υἱός
392 404 447 464 καί
467 402 578 473 δοῦλος
602 403 660 464 τοῦ
684 400 804 482 πατρός
815 422 881 479 του,
905 401 960 462 καί
981 397 1056 482 οόχί
1077 397 1112 462 τό
1138 400 1289 465 ἐναντίον.
1315 394 1334 458 ὅ

235 500 434 582 πατριάρχης
457 502 502 578 δέ,
523 497 602 562 κατοὶ
624 498 658 562 τό
675 496 909 580 πατριαρχικόν
928 497 1061 576 ἀξίωμα,
1083 497 1126 571 οἷς
1142 493 1245 578 πατὴρ
1271 498 1338 558 τεόν

236 600 365 680 πάτρων
388 597 442 660 καί
463 596 506 671 ὥς
533 595 651 678 ποιμὴν
674 599 736 660 τεόν
758 597 931 674 ποιμένων,
963 598 1202 677 μητροπολιτιόν
1224 597 1338 674 α’ρχιε-

189 729 193 736 -
236 697 398 760 πισκόπων
418 696 472 758 καί
494 693 671 759 ἐπισκόπων
696 697 751 758 καί
770 691 886 768 παντός
917 691 1089 775 ἱερωμένου
1111 696 1165 756 καί
1185 690 1340 770 κοσμικοῦ

238 792 313 878 ὅλης
334 799 390 876 τῆς
413 797 605 876 οἰκουμένης,
630 796 684 856 καί
703 803 884 874 χειροτονεῖ
905 796 980 866 τοὺς
1001 797 1240 875 μητροπολίτας.
1283 793 1369 852 καί5

194 915 198 922 ·
236 894 467 977 μητροπολίτης
494 894 729 974 μητροπολίτην
760 901 940 974 χειροτονεῖ
967 889 1046 969 μετά
1079 893 1248 970 ἐπιτροπῆς
1281 893 1341 950 τοῦ·

238 992 463 1074 πατριάρχου,
482 987 561 1054 κατά
585 987 639 1070 την
659 989 892 1072 πατριαρχικην
915 987 1061 1068 ἐξουσίαν
1082 988 1134 1052 καὶ
1155 983 1341 1068 κυριότητα.

239 1091 294 1151 καιΙ
317 1089 488 1160 ἐπίσκοπος
515 1084 683 1150 ἐπίσκοπον
709 1097 887 1169 χειροτονεῖ
910 1086 991 1167 μετά
1022 1087 1181 1168 θεληοεως
1201 1086 1255 1147 rod
1278 1109 1344 1165 μη-

240 1185 436 1268 τροπολίτου.
748 1191 750 1195 ’

317 1281 434 1362 Ὅμως,
457 1280 563 1357 ratde
595 1281 707 1362 ἔλαβεν
728 1282 746 1344 ό
769 1282 869 1356 ου’τός
889 1279 1131 1365 Ἀρσίκιος·τὸν
1153 1279 1267 1364 θρόνον
1286 1282 1344 1362 τῆς
1357 1301 1394 1352 10

242 1383 477 1461 Μονεμβαοίας
498 1380 557 1459 ἔξω
578 1381 727 1460 κανόνων,
748 1382 790 1455 aie
806 1380 945 1462 εἴπομεν,
969 1379 1160 1461 ἐλειτούργει
1174 1377 1257 1458 μετά
1281 1380 1344 1440 τοῦ

242 1479 334 1569 lepori
353 1483 372 1518 ⁴*
393 1478 573 1562 συνθρόνου
596 1479 638 1552 ὥς
664 1479 901 1565 μητροπολίτης,
927 1483 981 1542 καί
998 1476 1192 1562 χειροτονίας
1214 1475 1344 1554 ἔκαμνε,

244 1578 444 1661 ἀναγνώστας
472 1577 701 1651 ὑποδιακόνους
732 1581 898 1656 διακόνους
930 1582 984 1642 καί
1011 1577 1124 1659 ἱερεῖς,
1158 1576 1212 1639 καί
1242 1572 1346 1637 πάντα

246 1674 306 1742 ὅλα
328 1681 365 1742 τά
390 1674 609 1759 α’ρχιερατικό.
653 1682 708 1740 καί
721 1677 838 1756 μαθών
852 1683 946 1743 τοῦτο
967 1679 986 1760 ἦ
1011 1683 1130 1761 μητέρα
1151 1678 1213 1737 τεόν
1234 1671 1347 1754 ἐκκλη-

246 1779 335 1856 οιιόν,
359 1771 378 1859 ἡ
402 1774 553 1856 καθολικη
575 1775 631 1839 καί
648 1775 781 1858 μεγάλη,
799 1778 989 1840 α’πὲοτειλαν
1014 1774 1094 1858 πρός
1121 1771 1220 1837 αότόν
1241 1776 1349 1851 τίμιον
1362 1781 1399 1831 15

247 1873 478 1958 πατριαρχικόν
498 1871 649 1956 γράμμα,
681 1874 733 1938 ἵνα
762 1875 870 1961 παόση
897 1878 953 1956 τῆς
978 1875 1204 1956 ἀρχιερατικῆς
1224 1873 1349 1953 όιτηρε·

248 1977 320 2050 οιάς
341 1973 383 2062 oie
405 1974 596 2053 παρανόμως
627 1971 708 2036 όποό
741 1972 983 2056 ἐχειροτονήθη,
1005 1977 1060 2037 καί
1084 1969 1226 2054 μοιχεόει
1251 1991 1351 2032 πνευ-

248 2076 412 2153 ματικιός,
439 2070 494 2134 καί
522 2069 621 2146 αότός
649 2071 829 2152 χειροτονία
857 2074 911 2135 etv
940 2071 1053 2153 ἔλαβεν
1075 2067 1148 2134 οὐδὲ
1167 2070 1265 2151 χάριν
1288 2071 1352 2130 τοῦ

250 2171 408 2250 παναγίου
438 2165 625 2246 πνεόμιιτος.
682 2163 697 2228 ό
719 2168 884 2244 ἐπίσκοπος
909 2165 977 2250 ἔχει
996 2168 1094 2250 χάριν
1113 2170 1172 2229 τοῦ
1192 2168 1351 2245 ποναγιόυ

251 2265 428 2343 πνεύματος
445 2263 503 2344 ,καί
523 2265 628 2342 δίόει,
649 2257 724 2328 όταν
746 2263 846 2352 κόμνη
870 2264 965 2349 ἱερεῖς
985 2265 1063 2328 κατά
1087 2263 1122 2328 τό
1145 2267 1202 2326 τοῦ
1218 2263 1402 2332 eutoso-20
1471 2271 1472 2326 ᾗ

252 2385 314 2426 που
335 2363 475 2442 ἀξίωμα·
525 2366 579 2426 καί
606 2362 624 2444 ἦ
646 2368 825 2447 χειροτονία
855 2364 956 2447 ἐκείνη
977 2361 1044 2426 ἔναυ
1066 2363 1141 2445 ἁγία
1160 2364 1216 2425 καί
1234 2359 1351 2442 στερεά

253 2456 307 2522 διά
328 2461 382 2540 τῆς
401 2460 534 2541 χάριτος
565 2465 624 2524 τοῦ
645 2463 798 2541 παναγίου
823 2465 878 2524 καί
893 2463 1048 2539 ζωοποιοό
1071 2459 1257 2538 πνεόματος.
1281 2457 1353 2540 dar}

252 2559 419 2632 ἐπίσκοπος
438 2556 476 2620 νό
499 2557 703 2644 χειροτονηση
724 2566 952 2641 μητροπολίτην
974 2557 1041 2623 όναι
1062 2557 1275 2639 αόεβέοτατον
1295 2554 1357 2618 καί

253 2856 391 2916 convenit,
411 2863 439 2906 et
460 2855 530 2923 patri
551 2855 711 2906 subiiciatur
728 2874 785 2916 stro,
804 2873 860 2908 uon
880 2864 970 2908 autern
990 2865 1083 2908 contra
1102 2857 1158 2907 fiat.
1197 2853 1354 2924 patriarcba

254 2942 327 2986 vero,
345 2942 394 2993 pro
413 2925 588 2992 patriarchica
603 2928 760 2986 eminentia,
780 2934 810 2976 ut
820 2933 899 2994 pater
917 2936 1021 2994 patrum
1041 2930 1076 2977 sit
1094 2935 1122 2977 et
1142 2933 1173 2976 ut
1190 2934 1281 2994 pastor
1302 2941 1355 2992 pn-

256 3001 374 3055 storum,
403 2995 653 3062 metropolitarum,
678 2995 955 3064 archiepiscoporum,
979 2998 1165 3064 episcoporum
1185 3003 1213 3045 et
1232 2997 1356 3044 omnium

257 3071 419 3112 sacratorum
438 3064 622 3130 laicorumque
640 3079 689 3132 per
708 3073 794 3114 totum
815 3066 1016 3116 terraeorbem.
1052 3066 1097 3116 hic
1119 3081 1180 3130 ergo
1201 3071 1273 3114 creat
1294 3081 1358 3113 me-

257 3131 409 3197 tropolitas,
429 3140 456 3181 et
478 3133 650 3199 metropolita
666 3135 867 3200 metropolitam
885 3135 1007 3201 designat
1025 3135 1192 3203 patriarchae
1210 3134 1357 3202 permissu,

257 3217 306 3268 pro
326 3207 460 3265 potestate
479 3209 507 3250 et
525 3204 686 3252 auctoritate
710 3220 789 3270 quam
808 3221 821 3253 a
843 3204 994 3271 patriarcha
1021 3207 1134 3272 accepit.
1179 3203 1227 3254 sed
1246 3213 1273 3252 et
1291 3203 1353 3270 epi·

260 3285 355 3334 scopus
377 3271 542 3336 episcopum,
563 3273 736 3339 metropolita
752 3274 936 3339 permittente,
959 3273 1149 3324 eodemmodo
1169 3274 1241 3323 facit.
1261 3289 1357 3326 verum

260 3338 409 3388 institutam
426 3341 609 3391 narrationem
630 3358 786 3411 persequor.

350 3425 419 3475 Tum
447 3427 539 3494 itaque
564 3427 691 3478 thronum
721 3427 919 3478 Monembasiae
945 3427 1070 3477 Arrenius
1089 3443 1121 3478 eo
1150 3441 1204 3494 quo
1237 3425 1358 3475 diximus

262 3491 342 3544 modo
362 3493 485 3562 adeptus,
505 3503 580 3546 extra
594 3513 718 3555 canones,
738 3498 819 3546 sacris
839 3497 976 3564 operando
990 3513 1047 3546 curn
1063 3512 1137 3547 sacro
1159 3509 1285 3545 consessu
1304 3511 1359 3561 pro

263 3565 435 3631 metropolita
456 3580 490 3628 se¹
505 3566 627 3630 gerebat:
649 3575 809 3631 anagnostae
835 3566 1009 3632 designabat,
1029 3564 1241 3633 hypodiaconos,
1263 3563 1359 3613 diaeo-

263 3649 312 3681 nos
344 3641 370 3682 et
397 3632 558 3685 sacerdotes.
602 3636 692 3684 omnia
724 3634 842 3703 denique
871 3635 1011 3702 pontificia
1038 3637 1130 3684 mirata
1158 3633 1358 3702 exequebatur.

265 3700 331 3751 haec
349 3717 408 3750 cum
430 3704 579 3752 rescivisset
603 3721 699 3769 magna
732 3713 760 3754 et
778 3704 911 3755 catholIca
930 3705 1105 3755 ecclesiarum
1124 3713 1226 3764 mater,
1246 3703 1361 3752 missum

264 3768 355 3820 estad
375 3755 434 3819 ehm
453 3771 607 3822 venerabile
635 3773 841 3840 patriarchicum
859 3775 1004 3842 scriptum,
1025 3791 1079 3842 quo
1099 3772 1310 3832 interdicebatur
1330 3774 1360 3822 ei

265 3838 417 3904 pontificali
437 3839 679 3903 administratione,
698 3853 729 3894 ut
748 3846 794 3913 qui
815 3845 925 3895 violatis
953 3843 1059 3911 legibus
1080 3841 1220 3893 ordinatus
1240 3849 1310 3891 esset
1328 3850 1363 3892 et

265 3907 389 3972 spiritale
416 3907 517 3960 laceret
544 3909 725 3975 adulterium,
754 3907 889 3980 cumipse
915 3931 966 3964 nec
984 3912 1184 3964 ordinationem
1201 3927 1252 3962 nec
1270 3911 1363 3961 sancti

265 3975 374 4040 spiritus
402 3979 512 4044 gratiam
538 3981 693 4050 accepisset.
738 3983 1018 4052 episcopumhsbere
1048 3983 1159 4048 gratiam
1188 3980 1273 4030 sancti
1301 3980 1364 4046 spi·

266 4043 351 4110 ritus,
376 4063 489 4116 eamque
517 4046 600 4112 dare,
620 4051 730 4118 quande
750 4051 830 4104 saciat
854 4051 1006 4104 sacerdotes
1031 4069 1063 4102 ex
1086 4052 1242 4120 episcopica
1264 4056 1364 4100 aucto·

1458 1205 1472 1256 α’
