2922 4824
308 161 321 187 Ι

579 223 780 288 rotarios.
1156 221 1200 312 rr

106 370 271 458 ἐπορεύθη
294 377 329 438 δὲ
350 375 471 438 ἐκεῖθεν
483 374 538 438 καί
559 377 593 438 ἐν
607 373 782 459 Μαγνησιρι
803 371 882 438 κατά
901 375 958 438 τού
978 373 1120 459 α’δελφού
1142 377 1205 438 αύ-

103 477 163 538 τού
186 479 247 536 τού
270 471 437 556 Κουρκούτ
462 477 603 556 τζελεπῆ,
632 478 688 538 καί
706 472 742 548 dg
763 471 807 554 μη
839 475 986 556 δυνηθείς
1008 474 1202 556 άντιστῆναι,

106 576 259 656 ἐξέφυγεν
282 575 316 636 ἐν
340 573 446 648 τόποις
469 571 648 655 δυσβάτοις,
671 567 750 636 ύπου
772 575 982 652 συλλαβόντες
1005 569 1103 636 αύτόν
1126 573 1205 636 άπό·

65 733 71 742 ,
107 676 231 751 πνιξαν,
249 673 305 736 καί
327 670 473 752 ἐκόμισαν
502 669 635 738 ἐντόπιον
656 672 756 746 σύτού
774 671 809 736 τό
833 673 943 754 νεκρόν
962 675 1054 752 σῶμα
1077 671 1203 740 τούτου.

83 765 211 850 5ἔμεινε
234 775 269 834 δὲ
301 769 474 836 όσουλτάν
496 772 695 855 Ἀχουμάτης
721 770 737 834 ό
765 763 860 846 dito,
891 769 1028 856 ύδελφός
1049 769 1083 836 ἐν
1101 771 1205 852 Ἀμο-

107 874 173 959 σίρι,
196 874 393 955 διεφημίσθη
415 874 449 936 δὲ
473 866 522 934 ότι
543 873 707 955 στρατεύει
730 869 809 934 κατά
831 875 889 934 τού
912 872 1065 956 α’δελφού.
1107 869 1205 946 αύτός
1260 903 1263 908 ·

107 973 143 1035 δὲ
169 971 307 1046 ουνάξος
328 970 464 1051 στρατόν
498 974 609 1054 ἐξῆλθε
638 974 746 1054 μάχην
776 972 925 1053 ποιῆσαι·
969 966 1065 1036 ὄντων
1088 973 1123 1034 δὲ
1143 973 1205 1036 τῶν

100 1065 262 1150 ιπᾈειόνισν
280 1069 495 1151 Καραμάνων,
517 1075 697 1154 συμπλοκῆς
715 1074 892 1155 γενομένης,
905 1072 1142 1154 προσετέθησαν
1161 1071 1206 1157 τῷ

111 1167 251 1232 οουλτάν
274 1172 403 1256 Σελίμη.
447 1172 501 1234 καί
522 1167 621 1244 ούτιος
646 1173 906 1255 ἐγκαταλειφθείς
927 1171 1022 1250 μόνος
1042 1168 1120 1250 μετά
1142 1173 1205 1232 τῶν

67 1266 231 1332 Ῑθοίκεάον
250 1273 304 1351 τῆς
324 1264 439 1332 ἑαυτοῦ
463 1269 597 1352 Πύρτας
623 1272 677 1332 καί
696 1264 780 1334 άκων
800 1269 977 1354 παρεδόθη.
1029 1271 1205 1348 κομιζοντες

109 1372 144 1432 δὲ
170 1372 273 1446 ζῶντα
302 1369 380 1450 πρὸς
406 1368 461 1432 τόν
482 1367 623 1453 άδελφόν
645 1365 746 1432 αύτού
769 1371 887 1448 τούτου,
913 1368 967 1432 καί
986 1369 1132 1446 ύξιούντιι
1146 1391 1204 1447 με·

107 1469 214 1549 ysitus
229 1471 282 1531 ἵνα
296 1467 489 1554 συνομιλήση
503 1469 600 1556 αύτῷ,
625 1465 706 1544 ὅλως
728 1467 744 1531 ό
767 1467 912 1532 οουλτάν·
924 1470 1058 1552 Σολύμης
1077 1461 1115 1530 ού
1145 1493 1204 1530 κα.

108 1571 280 1646 τεδὲξατο,
308 1569 388 1632 ἀλλά
417 1572 531 1642 νεύσας
557 1567 670 1652 μόνον,
705 1561 835 1654 όιραντες
863 1568 1034 1642 ἀπέπνιξαν
1057 1568 1151 1632 αύτόν
1171 1589 1204 1634 τε

109 1671 165 1730 καί
187 1667 261 1741 τούς
280 1666 336 1729 δύο
362 1665 452 1740 υἱούς
473 1671 583 1732 αύτού.

67 1763 100 1814 ¹5
195 1760 385 1840 odrae-023»
408 1767 566 1850 ἀφανίσας
587 1761 746 1852 άδελφούς
772 1767 826 1832 καί
850 1767 1002 1848 ἀνεψιούς
1023 1767 1079 1828 καί
1095 1763 1204 1846 γενεάν

108 1864 212 1928 αύτού
231 1869 358 1945 πάσαν,
392 1869 515 1949 χαίρων
545 1877 610 1942 τοϊς
630 1866 782 1944 τοιούτοις
815 1871 869 1930 καί
894 1863 1046 1950 ύπάρχων
1069 1862 1205 1948 φοβερός

109 1962 167 2026 καί
188 1966 309 2040 δίκαιος
330 1964 373 2040 οἷς
395 1963 410 2027 ό
435 1966 561 2040 πάππος
582 1967 693 2049 αύτού,
725 1967 937 2050 ἐπαναπαύθη
956 1963 997 2028 τά
1020 1963 1205 2042 καταθύμια

108 2061 203 2143 δρῶν.
246 2061 279 2126 ἓν
302 2067 336 2126 δὲ
359 2065 457 2128 ἐποίει
478 2063 582 2128 κοινόν
604 2064 709 2149 κακόν,
729 2061 774 2130 ότι
791 2069 931 2149 συνεχῶς
952 2066 1085 2146 συνῆγεν
1107 2057 1206 2144 άργύ-

106 2183 177 2244 ριον
200 2161 285 2244 παρά
307 2167 370 2227 τῶν
391 2163 552 2249 ὑπηκόων,
572 2164 676 2240 δόσεις
696 2164 806 2240 καινάς
839 2167 977 2246 μελετῶν
999 2163 1055 2228 καί
1077 2163 1203 2247 ὁρίζων,

65 2253 160 2335 §touls
180 2259 195 2324 ύ
217 2263 320 2345 πατὴρ
352 2267 452 2328 σύτοῦ
482 2267 550 2329 ούδ’
578 2261 659 2340 ὅλως
693 2269 826 2349 ἐβάρυνε
855 2265 938 2330 τινά.
983 2265 1143 2328 ἀπέκτεινε
1167 2265 1203 2328 δὲ

108 2359 165 2426 καί
183 2359 237 2426 τόν
260 2367 445 2450 Monoecus}
468 2369 606 2464 πασιάν,
638 2369 671 2430 ἐν
699 2359 802 2452 ε”ρθρᾳ
832 2363 913 2446 ἔχων
946 2364 1042 2428 αύτόν
1068 2361 1121 2426 διά
1151 2360 1202 2426 τόν

108 2461 245 2525 σουλτάν
272 2463 489 2548 Ἁχουμάτην,
519 2461 568 2530 ὅτι
589 2468 798 2549 ἐβουλεύσατο
824 2469 868 2552 τῷ
893 2467 990 2551 πατρί
1015 2467 1067 2529 ἵνα
1088 2461 1201 2550 ποιήσῃ

107 2661 212 2714 viribus
232 2661 373 2716 resistendi
388 2665 535 2718 destitutus
555 2667 584 2718 in
604 2668 662 2718 loca
682 2683 788 2717 accessu
807 2658 890 2722 ardua
910 2674 938 2718 et
952 2665 1071 2716 difficilia
1089 2682 1117 2716 se
1137 2681 1201 2732 pro·

109 2735 204 2800 ripuit.
242 2733 286 2784 bic
307 2737 365 2802 ipse
385 2737 593 2805 comprehensus
622 2737 720 2788 chorda
747 2747 838 2804 guttur
858 2738 938 2788 elisus
968 2745 1027 2797 est,
1045 2736 1148 2803 prolato
1171 2734 1201 2784 in

24 2857 26 2862 ,
106 2813 280 2871 conspectum
304 2808 376 2872 illius
398 2807 525 2859 cadavere
544 2810 611 2860 eius.
632 2808 754 2859 substitit
777 2809 845 2858 alter
864 2809 953 2868 frater,
971 2807 1091 2858 soltanus
1112 2805 1201 2854 debu-

107 2883 189 2937 mata,
208 2877 235 2926 in
256 2877 321 2927 urbe
333 2879 450 2944 Amasis,
469 2878 570 2948 dequo
590 2879 762 2930 disseminata
782 2880 834 2930 fuit
852 2879 930 2938 fama,
951 2876 1083 2946 proficisci
1101 2875 1201 2926 inlecta
1261 2933 1263 2942 ‚

107 2962 189 2995 manu
211 2956 302 2997 contra
322 2949 440 2999 fratrem.
478 2952 562 3001 exivit
580 2967 644 3001 sane
663 2951 721 3020 ipse
749 2952 867 3000 exercitu
886 2956 1055 3014 congregato,
1077 2946 1201 2996 commis-

107 3033 183 3066 surus
205 3034 329 3085 pugnam.
368 3020 413 3070 sed
433 3036 492 3070 cum
513 3022 599 3072 maior
618 3039 678 3087 pars
699 3023 832 3073 exercitus
847 3020 1067 3071 eiusCurarnanis
1087 3032 1133 3066 seu
1153 3017 1200 3066 Ci-

107 3087 216 3149 licibus,
236 3099 378 3150 constaret,
396 3093 560 3143 transierunt
585 3093 630 3143 isti
661 3093 690 3143 in
713 3094 817 3143 fervore
845 3093 940 3160 praelii
967 3089 1108 3158 adportes
1131 3087 1201 3138 Seli-

108 3174 178 3207 anae.
219 3160 256 3208 sic
276 3161 333 3228 ipse
354 3163 426 3212 solus
447 3179 505 3211 cuin
524 3159 700 3213 familiaribus
725 3171 753 3214 et
776 3164 868 3213 aulicis
888 3163 942 3214 suls
963 3161 1081 3222 relictus,
1104 3175 1218 3229 quamv

106 3231 148 3278 vis
170 3230 281 3290 insitus,
303 3232 330 3280 iu
350 3239 511 3300 potestatem
530 3233 646 3284 bostium
667 3235 748 3284 venit.
796 3250 876 3302 quem
898 3251 956 3284 cum
975 3233 1064 3283 vivum
1082 3231 1111 3280 iu
1133 3247 1201 3281 conr
1279 3286 1284 3304 Ι

107 3309 229 3367 spectum
259 3301 346 3352 fratris
374 3303 560 3366 adduxissent,
586 3320 681 3370 magno
707 3305 792 3354 oravit
811 3321 908 3372 opere.
928 3305 1022 3354 liceret
1040 3302 1090 3352 sibi
1108 3302 1200 3369 paucis

107 3387 169 3419 eum
187 3372 302 3440 alloqui.
338 3390 427 3422 verum
447 3375 563 3442 praecise
582 3373 634 3424 hoc
653 3376 676 3424 ei
697 3374 869 3440 denegatum,
889 3382 916 3425 et
934 3375 993 3425 solo
1011 3382 1078 3424 nutu
1100 3373 1200 3438 signifi-

107 3449 197 3502 catum
219 3443 252 3491 iis
278 3443 324 3510 qui
351 3461 411 3494 euna
440 3445 585 3507 tenebant,
609 3445 675 3514 quid
704 3446 790 3495 lacere
817 3444 956 3495 deberent.
993 3443 1021 3493 bi
1044 3441 1199 3504 abductum,

107 3511 299 3632 aniinafinervo
319 3515 474 3578 interclusa,
496 3524 671 3582 necaverunt,
690 3534 740 3566 uec
755 3517 842 3585 ipsum
861 3513 951 3577 modo,
968 3513 1015 3565 sed
1031 3513 1100 3564 duos
1119 3514 1200 3563 etism

107 3582 166 3632 eius
212 3583 272 3633 lios.

180 3669 302 3721 Sublatis
321 3670 354 3720 ad
372 3673 444 3722 bunc
459 3672 565 3724 modum
583 3673 718 3733 fratribus,
735 3672 903 3740 patruelibus
917 3680 944 3722 ot
964 3672 1121 3739 cognatione
1141 3676 1199 3720 tota

108 3738 240 3808 (iocunda
260 3742 364 3792 scilicet
383 3745 406 3792 ei
428 3745 492 3793 talia
513 3753 602 3794 erant:
630 3745 676 3811 qui
708 3762 735 3794 se
755 3743 954 3794 formidabilem
974 3752 1002 3794 et
1020 3745 1086 3794 citra
1105 3756 1199 3810 perso-

80 3853 85 3862 .
107 3826 202 3860 narum
221 3821 368 3880 respectum
389 3815 508 3864 iustitiae
530 3823 709 3876 executorem,
729 3816 880 3866 imitatione
894 3816 934 3866 sui
953 3815 1005 3876 ανῆ
1025 3813 1109 3864 videri
1124 3811 1200 3862 vole-

108 3880 169 3950 bat)
189 3883 388 3951 acquiescebat,
407 3885 494 3934 auimo
514 3902 562 3934 suo
586 3886 752 3936 satisfactum
765 3903 883 3935 cerneus.
923 3893 1076 3935 [innantem
1098 3900 1124 3932 re
1147 3898 1212 3948 pu-.

107 3951 181 4002 blice
203 3968 296 4003 omnes
317 3954 460 4020 affligebat,
482 3955 555 4023 quod
576 3959 745 4008 continenter
762 3957 890 4023 pecunias
911 3973 925 4006 a
945 3955 1044 4006 civibus
1066 3954 1119 4010 suis
1142 3955 1200 4002 exi-

108 4021 200 4090 gebat,
220 4040 290 4074 uova
308 4025 421 4076 subinde
436 4026 535 4090 tributa
551 4029 702 4092 excogitans
723 4035 750 4076 at
762 4027 904 4095 imperans,
927 4026 1024 4095 quibus
1043 4032 1119 4093 pater
1141 4024 1199 4074 citas

108 4108 222 4163 prorsus
240 4096 375 4156 neminem
397 4106 559 4164 gravaverat.
602 4096 643 4148 liis
663 4106 690 4149 et
709 4095 804 4150 caedes
832 4097 940 4150 adiecit.
975 4096 1109 4148 interiecit
1129 4095 1199 4166 euim

1327 189 1339 214 δ
