2946 4830
432 257 436 262 ·
480 254 766 382 mecummet
788 313 839 380 u.
1137 305 1212 384 οοο

109 475 323 558 βεμβεσαίονς
342 471 602 560 παραλαμβάνει,
630 476 685 538 καί
712 473 767 538 τὸν
799 473 895 539 τόπον
913 473 1001 564 edepl
1023 473 1213 566 α’ναγρδφει,

109 571 166 657 την
188 597 223 638 τε
248 577 352 638 Βελιῖν
388 575 444 637 καί
473 575 530 657 την
558 570 794 656 Δρυϊνοδπολιν
827 571 882 638 καί
914 571 973 658 τη“ν
1004 581 1211 659 Βαγενετίαν,

111 671 193 738 ἀλλὰ
225 670 262 756 tq*
286 674 343 736 καί
375 669 451 748 aad<
477 676 732 752 Μαλοκοισαίους
764 669 824 749 ἕως
846 676 909 738 ταῖν
932 672 1117 741 Κατούνων.
1160 680 1216 744 καί

110 776 153 864 τῷ
176 775 269 854 6891,
292 770 354 838 dud
378 774 413 836 δὲ
436 776 581 855 Χριστοῦ
604 777 702 860 1383,
723 777 895 840 ἰνδικτιοῖνι
916 775 951 857 ε’,
971 775 1050 862 μηνί
1070 780 1214 861 Σεπτεμ.

87 878 200 964 ὀβρίιρ,
221 871 318 938 πάλιν
339 871 356 937 6
377 870 503 949 Σπάτας
526 871 655 959 α’φήσας
673 873 729 960 τήν
750 877 989 962 ψευδαγάπην,
1010 870 1091 962 ἦλθε
1113 883 1215 964 ζητοῦν
1249 927 1254 934 -

108 980 162 1059 τῆς
176 971 301 1060 Ἑλένης
332 971 389 1056 τη’ν
408 981 534 1056 προῖκα.
590 972 606 1038 6
640 977 676 1040 δὲ
696 973 775 1057 μετὰ
806 977 930 1058 μικρῶν
966 975 1078 1060 δω’ρων
1113 972 1214 1044 ου’τδν

110 1077 316 1161 ἀποστρέφει,
339 1073 394 1138 καί
420 1072 483 1138 ὑπὸ
516 1075 578 1140 τῶν
599 1074 845 1144 Μαλακασαίων
876 1078 1093 1155 δεκαπλασίως
1114 1079 1213 1158 ου’τὸς

109 1172 261 1260 ἱκανώθη.
559 1163 563 1170 '¹

215 1279 265 1365 Τῷ
287 1275 373 1364 αὐτῷ
394 1272 474 1358 ἔτει,
498 1279 716 1361 Σεπτεμβρίου
738 1277 775 1360 8,
811 1269 909 1360 η’λθεν
939 1281 985 1354 εἰς
1011 1277 1067 1343 cdv
1096 1273 1214 1346 ἑαυτοῦ

73 1373 225 1462 1οθρόνοκ
244 1375 261 1439 6
284 1376 515 1458 πανιερώτοιτος
535 1379 765 1461 μητροπολίτης
787 1373 896 1460 κύριος
918 1381 1116 1459 Mardum,
1140 1383 1214 1446 ἐπί.

110 1503 178 1562 χων
200 1477 256 1541 καί
274 1473 329 1542 τδν
348 1473 546 1542 Ναυπάκτου
568 1474 696 1560 θρόνον.
746 1479 790 1564 τῷ
817 1481 905 1566 adrui
925 1475 990 1544 ἔτει
1013 1477 1174 1568 οἶπεστάλη
1195 1481 1213 1547 6

108 1577 298 1660 τιμιώτατος
328 1578 565 1661 καθηγούμενος
602 1582 660 1643 τοῦ
687 1578 924 1663 δρχιμανδρίου
954 1583 986 1644 Γ
983 1579 1101 1665 αβριηλ
1132 1581 1213 1668 πρὸς

108 1681 162 1747 τὸν
182 1684 319 1762 βασιλέα
340 1677 502 1764 Μονουὴλ
522 1681 576 1744 τὸν
594 1677 829 1761 Παλαιολόγον,
854 1679 908 1744 κατ’
928 1678 1032 1745 ε’λβιδν
1051 1679 1131 1761 μετδ
1155 1685 1213 1748 τοῦ

109 1775 447 1866 ἄρχοντοςΜαγγαφοῖ
468 1779 639 1846 ἐνεδύσατο
663 1778 761 1844 αδτόν
784 1780 822 1844 rai
847 1780 1014 1846 deonorum
1037 1778 1212 1870 ἀξιώματα,

71 1887 163 1948 11καί
184 1883 305 1947 ἐτέλεσε
325 1879 392 1944 τότε
414 1877 471 1963 την
493 1883 585 1944 θείαν
606 1879 831 1963 μυσταγωγίαν
858 1881 876 1944 α’·
899 1878 1072 1964 ἇγιωιατος
1089 1895 1211 1968 ’μητρω
1257 1885 1260 1894 ¹

27 1997 31 2002 “
107 1984 246 2066 πολίτης.
290 1981 306 2044 6
331 1985 366 2046 δὲ
389 1983 506 2063 Θωμᾶς
528 1981 602 2058 τούς
619 1984 681 2062 μὲν
704 1985 875 2065 παροίκους
901 1985 957 2064 τῆς
980 1983 1080 2048 admei
1104 1985 1212 2070 ε’κκλη·

107 2087 179 2157 σίας
200 2085 303 2168 α’φῆκε
334 2086 379 2170 τῶ
397 2084 632 2203 μητροπολίτη,
663 2075 762 2146 αὐτὸν
794 2085 829 2147 δὲ
850 2089 896 2202 κρῖ
915 2078 1033 2148 ἑαυτοῦ
1054 2083 1211 2210 θελήματι

107 2184 169 2265 οδχ
193 2146 385 2265 δπεδὲχετδ·
439 2184 494 2246 καί
524 2180 577 2246 διὰ
599 2183 693 2246 τοῦτο
722 2187 816 2248 πλέον
838 2183 896 2268 τη“ν
918 2183 1039 2270 οἶκησιν
1061 2183 1078 2247 6
1101 2187 1212 2310 α’ργιε.

107 2283 182 2368 ρεδς
203 2287 236 2348 ἐν
256 2286 293 2371 τῇ
307 2276 457 2403 Αρτη
435 2307 519 2368 ηγεν,
543 2285 603 2359 ’ἕως
623 2276 697 2349 droa
719 2309 773 2348 και
769 2282 994 2389 ε’ξίρισταςι
973 2281 1035 2349 und
1056 2290 1112 2351 τοῦ
1132 2289 1210 2352 dno.

68 2384 224 2460 2oordrou
248 2379 414 2466 ἐγένετο*
402 2378 480 2466 α’περ
504 2383 707 2467 παρακατιιδν
728 2383 745 2446 6
767 2368 858 2468 λόγος
878 2382 1025 2471 δηλώσει.

197 2489 248 2574 Tap
261 2487 298 2548 δὲ
310 2484 426 2551 6893
407 2508 481 2566 ετει,
495 2485 743 2564 rvdrurrove8,‘
723 2509 784 2549 απο
776 2481 836 2549 δὲ
849 2489 995 2569 Χριστοιῖ
1010 2487 1090 2552 1385
1092 2479 1211 2570 ,ηλθεν

107 2581 125 2648 6
151 2549 381 2708 Ταμίιορτοέσης
404 2584 482 2668 μετὰ
504 2586 645 2708 πληθους
663 2587 851 2706 Ἀγαρηνων
873 2589 918 2662 εις
938 2583 994 2650 τὸν
1022 2584 1133 2670 καιρὸν
1153 2589 1236 2666 τοῦ,

107 2684 259 2773 τρύγους·
301 2689 357 2752 καί
377 2685 454 2753 κατὰ
477 2689 534 2772 τῆς
548 2679 718 2774 ἩΑρτης
704 2685 946 2774 εκστρατείοας,
967 2688 1022 2754 καί
1043 2690 1209 2780 (cryptatim-¹

106 2943 317 2998 Zebemheaaeor
337 2944 446 3013 accipit,
465 2952 494 2997 et
511 2951 608 2996 terram
636 2944 662 2996 ei
682 2943 794 3008 tribuit,
818 2945 908 2997 helam
926 2951 955 2997 et
973 2944 1160 3014 urynopottm,
1180 2953 1209 2999 et

106 3016 287 3086 Bagenetiam,
305 3023 388 3086 atque
407 3015 475 3068 adeo
499 3015 681 3068 Malacaaaeoa
701 3034 731 3067 us
753 3033 786 3067 ue
808 3015 843 3068 ad
862 3016 1028 3069 Catunorum
1047 3016 1124 3069 ἥσει.
1162 3025 1206 3069 at·

106 3107 158 3161 que.
185 3105 257 3140 anno
283 3086 367 3149 6891,
396 3105 422 3156 p.
449 3086 511 3138 Chr
538 3105 565 3138 a
589 3087 670 3150 1383,
700 3034 908 3151 indictionirh,
929 3105 1021 3140 menae
1043 3087 1208 3158 Septembri,

105 3164 201 3230 Spataa
224 3177 281 3211 cum
301 3175 418 3210 amorem
446 3159 537 3210 lictum
570 3177 658 3211 rursus
678 3159 838 3223 abieciaaet,
866 3161 940 3214 venit
967 3161 1087 3213 Helenae
1116 3159 1208 3214 dotem

105 3249 250 3304 quaereus.
296 3231 343 3282 ille
367 3238 457 3282 autem
484 3231 641 3282 muneribus
670 3233 759 3300 parvis
790 3249 850 3284 eum
872 3233 979 3297 avertit,
998 3242 1025 3285 et
1045 3233 1207 3286 Malacaaaei

104 3305 233 3356 damnum
252 3303 278 3353 ei
301 3301 435 3370 decuplici
458 3303 540 3354 modo
560 3310 697 3372 praestaro
719 3305 806 3354 coacti
827 3313 898 3356 aunt.

206 3375 307 3425 Eodem
327 3391 409 3437 anuo,
428 3373 472 3424 die
492 3375 510 3426 8
531 3375 629 3425 mensis
649 3374 832 3442 Septembris,
852 3376 950 3426 solium
969 3390 1048 3458 ευριπ
1067 3382 1208 3444 metropo-

102 3445 151 3498 lita
173 3447 355 3498 sanctissimos
367 3410 490 3496 doluinua
507 3444 658 3497 Matthaeus
677 3444 808 3509 accendit,
829 3444 956 3497 obtinens
978 3438 1059 3496 ε11ειπ
1073 3445 1208 3513 Naupacti

103 3521 211 3570 aelium.
248 3517 343 3569 eodem
363 3535 434 3569 anno
455 3535 562 3587 praeses
576 3515 775 3568 Archimaudrii
799 3481 1022 3568 honoratissimus
1042 3516 1154 3568 Gabriel
1171 3516 1207 3568 ed

102 3607 193 3658 regem
212 3590 309 3641 mistus
329 3597 371 3640 eat
391 3589 586 3657 palaeologum,
606 3589 728 3658 quicum
748 3589 870 3658 principe
889 3587 1039 3656 Mangupha
1061 3595 1206 3656 postquam

102 3661 223 3721 advenit,
243 3663 317 3728 regui
336 3661 486 3713 honoribus
515 3678 576 3711 eum
599 3658 707 3722 induit,
727 3669 756 3711 et
781 3659 899 3712 divinam
922 3669 978 3710 tum
996 3657 1113 3744 perfecit
1131 3657 1206 3710 ordi-

101 3734 243 3786 nationem
264 3733 435 3802 metropolita
467 3732 655 3784 sanctissimus.
699 3731 818 3784 Thomas
844 3740 933 3784 autem
952 3731 1054 3783 viciuos
1074 3729 1204 3782 ecclesiae

47 3825 50 3836 ¹
102 3806 161 3856 eiua
183 3805 307 3873 permisit
324 3803 531 3874 metropolitae
556 3820 642 3874 iprum
663 3811 751 3855 autem
772 3821 804 3853 et
829 3821 875 3854 sua
895 3804 1035 3855 voluntate
1054 3819 1109 3854 non
1129 3818 1205 3852 rece

101 3879 153 3960 pit,
172 3883 256 3945 atque
278 3892 309 3926 eo
328 3877 409 3943 magia
428 3875 594 3927 domicilium
614 3873 832 3946 archiepiscopus
847 3880 926 3927 Attae
945 3875 1051 3939 habuit,
1070 3873 1156 3924 donec
1177 3881 1205 3924 et

101 3949 162 4016 ipre
182 3963 231 4017 per
249 3955 400 4017 apostatam
431 3949 507 3998 exsul
537 3945 623 3998 factor
644 3954 702 4011 eat,
730 3946 758 3998 id
779 3946 854 4018 quod
878 3949 1033 3998 narratione
1053 3945 1203 4016 posteriore

100 4017 292 4076 declarabitur

203 4092 388 4142 Auuoautem
408 4088 493 4154 6893,
513 4087 721 4154 indictiones,
740 4108 766 4159 p
789 4090 850 4142 Chr.
881 4088 1203 4151 n.1385‚Tamurrares

102 4178 163 4212 cum
194 4161 369 4213 multitudine
399 4129 582 4230 Agarehorum
611 4161 679 4210 circu
712 4169 899 4230 tempestatem
931 4159 1084 4212 vindemiae
1111 4163 1203 4228 κοπῆς

103 4233 150 4306 qui
173 4241 266 4286 contra
286 4236 376 4286 Artam
396 4235 534 4306 protectur
555 4250 613 4286 eum
633 4231 802 4304 captivorum
821 4232 1025 4288 multitudinem
1043 4241 1138 4286 nactur
1158 4247 1201 4284 εε-
