2922 4824
456 293 725 382 ¹ronnei.
922 351 932 367 ,
1120 287 1165 356 67

74 441 302 510 ε’ναπετέδεσαν
329 444 374 516 εἷς
405 442 440 505 τὸ
461 446 682 524 γενέμιλαχτζε.
733 440 828 518 αδτδς
851 444 885 506 δὲ
908 435 946 525 ἦν
966 438 1025 522 έξω
1050 442 1170 525 ἡμέρας

74 545 174 622 τινάς,
198 547 254 606 καί
264 543 427 626 ἐξήρχοντο
441 542 552 604 πολλοί
563 541 617 606 καί
628 543 839 628 ἐπροοιιύνοον
861 541 957 608 ον’τδν
978 545 1049 606 καθ’
1070 539 1169 626 οῗραν,

77 647 217 730 ἀφέντες
235 644 287 706 τὸν
307 645 436 725 γέροντα
457 641 565 722 μόνον.
617 667 627 686 ·

167 737 262 807 Οῧτιο
282 744 317 805 δὲ
340 743 403 804 ταῖν
425 737 616 822 πραγμάτων
639 742 844 823 διακειμένων
865 744 899 805 ἐν
915 737 1035 820 urrisu,
1058 744 1091 805 ἐν
1111 744 1170 828 μιᾷ

55 843 291 926 5τα”ι’ν’ἡμεριδν
314 837 514 915 ὁπλισθέντες
534 838 563 903 οἱ
582 843 761 923 γενίτζαροι
777 839 919 922 χιλιάδες
943 843 1017 904 δέκα
1040 839 1170 924 έπορεέ.

78 949 191 1025 θησαν·
209 945 243 1006 έν
264 949 328 1014 τοῖς
347 942 536 1021 βασιλείοις,
558 944 703 1012 θέλοντες
728 939 780 1004 ἵνα
801 941 937 1021 βιάσωσι
960 942 1034 1015 rotie
1056 939 1170 1005 naurd-

80 1049 139 1118 δας
160 1037 181 1125 ἢ
202 1043 301 1105 εἰπεῖν
320 1043 362 1126 τῷ
383 1045 501 1122 γέροντι
526 1043 662 1117 ἐξελθεῖν
682 1039 736 1102 καλ
756 1043 986 1124 παραχωρῆσαι
1002 1039 1057 1123 τὴν
1077 1046 1170 1120 βασι-

82 1144 168 1208 λείαν
190 1143 236 1229 τῷ
266 1139 342 1226 υἱῷ,
374 1131 597 1222 ἢοῖποκτεῖναι
629 1140 747 1215 ον’τοδς
776 1141 830 1203 καί
856 1139 912 1221 τήν
943 1137 1033 1203 πόλιν
1054 1138 1170 1223 ἔρημον

61 1228 196 1306 Ιθεῖναι.
250 1239 283 1302 οἳ
302 1240 339 1323 δὴ
371 1241 424 1301 κατ’
448 1238 654 1320 α’κούοαντες,
680 1241 735 1302 κατ’
760 1238 803 1322 pq*
820 1236 944 1321 ἔχοντες
966 1239 1001 1304 τι’
1016 1240 1071 1304 κατ’
1090 1243 1171 1324 δριῖ-

45 1350 148 1421 λῦσαι,
168 1339 203 1406 τδ
227 1344 286 1420 μὲν
313 1337 540 1418 εὐλαβούμενοι
568 1338 619 1402 τὸν
639 1343 788 1422 γέροντα,
808 1339 842 1402 τὸ
866 1340 900 1402 δὲ
922 1329 1120 1426 φοβούμενοι
1136 1341 1171 1403 ru*

83 1445 203 1522 πλῆθος
224 1441 345 1514 αδεαῖν,
379 1435 460 1519 πλὴν
488 1440 542 1500 καί
561 1431 687 1513 ἄκοντες
720 1440 873 1524 α’νέφερον
907 1437 962 1520 τήν
988 1438 1100 1514 στάσιν
1120 1437 1176 1502 καί

84 1540 231 1624 α’ξιίδσιν,
253 1539 308 1600 κοιλ
334 1531 381 1600 ὅτι
403 1539 547 1601 ἵστανται
565 1535 647 1618 μετὰ
670 1528 772 1601 ὅπλων
795 1535 823 1600 οἱ
852 1541 1048 1620 γενίτζαροι,
1079 1531 1173 1619 διτως,

84 1640 139 1702 ἐὰν
159 1637 206 1722 μὴ
226 1640 352 1720 γένηται
373 1635 408 1700 τό
428 1642 552 1720 θέλημα
574 1635 695 1716 αὐταῖν,
717 1636 921 1702 α’ποκτενοῧσι
943 1635 996 1698 κατ’
1018 1633 1175 1718 ἡμᾶςκαὶ

84 1741 286 1822 ἐρημωσοασι
309 1735 366 1819 τήν
386 1732 487 1800 πόλιν.
529 1739 630 1800 ταῦτα
653 1739 688 1800 δὲ
707 1739 766 1800 τοῦ
783 1740 924 1819 γέροντος
945 1739 1173 1816 ἐνωτισαμὲναυ

45 1849 76 1899 15
88 1841 232 1922 ἐλυπήθη
255 1841 309 1900 καί
327 1835 432 1902 ἔστενε
452 1839 574 1921 βαρέως
594 1843 650 1902 κατ’
668 1837 867 1922 κατηράσατο
889 1838 1032 1919 μεγάλως
1052 1839 1096 1924 τῷ
1117 1833 1178 1924 virgi

85 1937 165 2018 μετὰ
195 1936 343 2022 δακρύων
369 1939 507 2018 θερμῶν.
559 1934 588 2000 οἱ
619 1939 654 2001 δὲ
680 1941 855 2020 γενίτζαροι
882 1935 942 2014 ἔξω
970 1931 1101 2012 ἑστῶτες
1122 1935 1177 2000 καί

84 2040 301 2120 περιμένοντες
337 2033 443 2120 οἵσπερ
480 2029 585 2120 ἄγριοι
616 2039 713 2120 θῆρες
737 2037 922 2122 ἐφαίνοντο,
942 2040 1085 2110 πνέοντες
1110 2039 1174 2117 πῦρ

85 2141 138 2198 κατ’
160 2135 260 2217 λαβὴν
283 2139 454 2218 ζητοῦντες.
514 2136 655 2221 ἠρώτησε
679 2141 715 2200 δὲ
736 2136 752 2200 δ
775 2135 925 2218 βασιλεύς
948 2133 994 2200 ὅτι
1018 2130 1093 2198 ἄνευ
1114 2137 1177 2198 τῶν
1220 2203 1227 2220 ¹

86 2237 273 2318 γενιτζάρων
295 2234 334 2298 τοὶ
356 2229 436 2299 ἄλλα
456 2234 597 2318 τάγματα
620 2241 656 2300 σι’
672 2241 755 2320 λέγει
772 2237 846 2320 περί
866 2238 994 2313 resisum
1017 2239 1071 2299 κατ’
1091 2228 1178 2297 εἶπον

44 2351 78 2402 20
89 2333 220 2410 ιιπάντες
235 2338 401 2414 ἐξέκλιναν,
418 2339 562 2419 βασιλεῦ,
580 2341 691 2418 μικροί
700 2361 733 2400 τε
754 2337 809 2400 καί
827 2339 986 2418 μεγάλοι.”
1028 2335 1071 2417 μή
1097 2333 1179 2415 ἔχων

92 2440 127 2498 δέ
152 2437 185 2498 τί
204 2434 259 2497 κατ’
280 2439 419 2518 ποιῆσαι,
440 2435 495 2497 καί
516 2431 599 2498 ιλκων
617 2441 669 2519 τῆς
692 2438 792 2518 ἀρχῆς
813 2437 1001 2519 ἀνεχώρησε.

170 2537 216 2598 Ἐν
237 2533 298 2599 ἔτει
322 2533 359 2618 δὴ
386 2532 433 2622 Ιζκ’
455 2536 532 2619 μηνὶ
558 2535 709 2624 ἀπριλλιλρ
732 2537 777 2600 κδ’
799 2538 937 2621 πρωΐας,
956 2521 1101 2610 ’ἇοαντες
1123 2532 1175 2598 τὸν

993 2595 1003 2617 ἱ

88 2791 153 2840 soris
172 2789 311 2854 remanum
338 2789 503 2859 exibantque
523 2789 641 2857 'singulis
670 2787 743 2838 horis
769 2788 803 2838 ad
827 2805 887 2838 eum
912 2791 1017 2856 agmina
1034 2789 1174 2840 hominum

88 2861 197 2912 honoris
216 2868 243 2910 et
262 2859 439 2911 subiectionis
458 2878 545 2923 cansa,
563 2861 657 2910 relicto
678 2860 752 2909 intus
772 2876 835 2909 sene
854 2861 920 2910 sulo.

159 2947 217 2996 Hoc
234 2946 314 2996 modo
334 2949 428 2997 animis
439 2947 579 2998 hominum
592 2949 621 2997 in
636 2947 768 3007 contraria
786 2945 873 2996 studia
893 2946 1043 3007 distractis,
1064 2945 1172 2994 ianizari

89 3015 132 3066 die
152 3015 269 3086 quodam
290 3019 368 3068 armis
385 3019 517 3076 instructi,
534 3035 645 3068 numero
666 3017 757 3068 decies
776 3018 869 3080 inille,
889 3017 922 3066 ad
941 3018 1039 3083 regiam
1058 3015 1174 3086 profecti

90 3095 161 3148 sunt,
180 3089 294 3138 consilio
314 3090 427 3138 autvim
447 3088 593 3140 adhibendi
613 3087 714 3150 bassis,
733 3096 780 3138 aut
801 3087 946 3138 mandandi
967 3091 1023 3138 seni
1044 3087 1174 3138 excedere

69 3187 73 3191 ·
90 3175 253 3228 regnumque
271 3159 329 3208 filio
358 3159 471 3222 tradere,
490 3169 537 3210 aut
555 3158 695 3209 occidendi
722 3161 795 3225 ipsos
816 3159 962 3227 urbemque
983 3158 1128 3228 diripiendi
1147 3167 1175 3209 et

88 3229 221 3278 vastandi.
258 3223 366 3298 quibis
388 3231 486 3281 auditis
512 3230 613 3298 trepidi
635 3231 744 3296 ancipiti
766 3246 844 3292 cura,
876 3231 950 3298 quod
968 3230 1002 3279 ab
1023 3247 1075 3280 una
1097 3239 1174 3297 parte
1241 3269 1242 3276 ,

91 3317 181 3349 senem
201 3308 371 3361 vererentur,
392 3302 426 3350 ab
448 3302 532 3351 altera
553 3302 728 3351 ianizarorum
757 3301 974 3363 multitudinem,
994 3300 1027 3350 de
1046 3301 1173 3361 tumultu,

91 3373 210 3438 quamvis
229 3372 324 3430 inviti,
346 3373 507 3422 rettulerunt
525 3371 558 3421 ad
581 3389 684 3438 regern,
703 3371 836 3438 postulata
855 3372 963 3419 illorum
982 3379 1173 3438 proponentes.

90 3443 225 3492 “instant''
247 3442 376 3510 inquiunt
394 3443 518 3492 “infestis
534 3443 612 3492 armis
633 3442 687 3502 iuti,
714 3441 817 3507 parali,
835 3441 888 3490 nisi
906 3441 1079 3506 cupiditatem
1099 3457 1173 3490 suam
1198 3479 1202 3486 .
1238 3441 1241 3447 ¹

92 3512 243 3562 obtinentes
275 3511 417 3578 expleant,
445 3523 472 3565 et
489 3513 608 3563 occidere
634 3529 682 3562 nos
702 3521 728 3562 et
757 3510 849 3560 urbem
867 3509 982 3578 praedae
1003 3527 1033 3560 ac
1052 3509 1172 3561 'vastitati

90 3581 178 3632 dare.’'
225 3599 307 3632 senex
334 3591 364 3632 ut
391 3583 457 3634 haec
484 3586 601 3652 accepit,
629 3585 800 3634 contristatus
820 3589 878 3644 est,
900 3581 1014 3648 graviter
1032 3581 1171 3644 ingemuit,

89 3654 196 3722 vimque
221 3653 387 3702 lacrimarum
416 3653 580 3721 profundens
609 3653 664 3702 filio
694 3653 764 3702 diras
783 3653 943 3721 imprecatus
969 3661 1017 3702 ert.
1061 3653 1171 3701 ianizari
1244 3679 1247 3688 ·

89 3722 152 3772 soris
172 3730 280 3784 stantes,
300 3723 427 3793 elndique
448 3733 521 3792 senet
540 3725 642 3776 extrahi
664 3732 809 3792 putantes,
834 3725 918 3774 instar
937 3723 1052 3774 ferarum
1071 3723 1171 3772 bestia-

89 3811 146 3856 rpm
166 3797 317 3860 exasperari
337 3797 436 3861 magis3
464 3796 553 3862 ignem
573 3797 727 3863 ferrumque
746 3793 893 3857 anhelare,
907 3810 937 3843 ac
957 3802 1059 3844 tantum
1078 3810 1170 3842 ansam

86 3865 155 3913 initii
177 3863 387 3932 circumspicere.
425 3883 483 3916 curn
498 3882 545 3916 rex
563 3867 739 3932 interrogaret
757 3865 822 3932 quid
841 3865 875 3914 de
893 3865 944 3914 huc
959 3865 1066 3932 incepto
1086 3863 1169 3914 ceteri
1249 3919 1251 3938 1

86 3936 204 3983 militum
225 3934 333 3985 ordines
354 3937 499 4000 sentirent,
517 3953 574 4006 quo,
592 3937 621 3988 iu
640 3953 667 3986 se
686 3936 776 3984 animo
799 3944 903 3998 essent,
922 3951 1078 4002 responsura
1096 3935 1169 3996 tulit,

87 4013 243 4055 cunctorum
262 4009 382 4068 animos,
404 4024 567 4058 summorum
586 4017 613 4058 et
629 4006 780 4056 infimorum
801 4022 905 4057 aversos
925 4021 990 4056 esse.
1011 4005 1088 4073 inops
1106 4017 1169 4073 ergd

85 4076 144 4145 ipse
165 4075 225 4143 opis
243 4085 270 4126 et
288 4077 395 4128 consilii
414 4079 449 4130 de
470 4079 583 4148 imperio
598 4076 768 4147 quantumvis
787 4077 886 4128 invitus
904 4076 992 4126 cessit.

153 4162 233 4215 Anno
251 4163 334 4232 igitur
351 4166 451 4237 septies
478 4166 621 4218 millesimo
651 4165 784 4227 vicesimo,
806 4164 850 4216 die
869 4163 967 4233 Aprilis
986 4161 1029 4228 24,
1049 4169 1168 4231 tempore
