2946 4830
483 293 766 380 rosconmon
795 294 836 360 o.
1129 283 1204 360 aas
1318 267 1320 272 ’

59 525 62 532 ,
110 465 222 534 τεῦθον
246 461 326 548 πρὸς
358 457 413 537 τὰς
436 459 583 534 αἰωνίους
612 451 721 540 μονάς.
763 451 833 520 τότε
855 450 967 532 Ἰζοοῦ
997 447 1013 516 ὃ
1038 449 1202 535 δεσπότης,

113 568 312 656 φιλίχριστος
334 557 389 644 ῶν,
412 555 469 626 oda
500 558 733 644 ἐπηκολούθησε
754 553 791 622 τὰ
813 552 1017 637 βουλεύματα
1039 553 1101 618 τῶν
1122 555 1204 636 Σέρ-

109 675 197 753 βοιν,
231 667 337 744 καλῶς
361 663 453 730 αὐτοί
472 659 646 748 η’νοῖγκαζον
670 657 782 739 αὐτόν,
819 649 903 733 ὅπως
931 655 1009 743 ἐάσῃ
1041 653 1148 729 αιίτοίς
1166 649 1203 718 τὰ
1303 651 1307 662 ’

109 773 164 855 τῆς
187 765 351 854 ἐκκλησίας
371 763 512 850 κτήματα
533 765 589 826 καί
608 760 813 846 ἐπάρχοντα,
844 759 913 822 αλλ’
939 759 984 836 είς
1008 753 1130 831 ἔννοιαν
1151 755 1207 820 καί

86 874 221 953 sculpta
240 867 344 934 ἐλθολν
364 868 523 946 ἐξελέξατο
545 854 647 946 ἄνδρα
668 867 772 943 τίμιον
793 859 847 926 καί
869 859 991 941 sailed&
1002 910 1010 942 ‚
1033 853 1206 941 εὐάρεστον

108 973 173 1056 θεῷ
193 969 248 1034 καί
270 969 472 1054 ἀνθρώποις,
505 961 560 1030 τὸν
581 963 639 1026 τοῦ
668 962 920 1044 α’ρχιμανδρείου
943 956 1114 1042 ἡγούμενον
1137 961 1169 1024 Γ
1166 983 1206 1022 α.

107 1070 212 1155 βριηλ,
237 1067 271 1147 ἐς
292 1072 345 1135 καί
364 1071 420 1136 τοῦ
441 1066 668 1152 α’ρχιερατικοῦ
688 1063 804 1146 θρόνου
827 1057 959 1146 ὕστερον
981 1056 1089 1146 ἐπέβη.
1132 1063 1205 1126 τοῦ·

106 1194 160 1236 τον
182 1173 217 1236 ἐκ
237 1166 464 1254 παρακλήσεως
484 1168 600 1250 πολλῆς
622 1166 679 1228 τοῦ
705 1160 900 1228 δεσποτάτοο
923 1159 977 1226 καί
996 1163 1058 1226 τῶν
1078 1163 1134 1244 τῆς
1155 1163 1206 1225 ἐκ·

107 1270 236 1357 κλησίας
274 1265 435 1354 α’ρχὸνττον
466 1271 665 1354 προσέφερον
698 1265 736 1351 τῇ
768 1258 928 1350 ἐγιωτᾶτῃ
963 1263 1130 1352 ἐκκλησίᾳ,
1164 1263 1205 1348 τῇ

57 1371 215 1460 ,λῡπρῶτη
237 1374 295 1437 τοῦ
314 1368 519 1455 Ἰολνουσρίου
539 1365 647 1452 μηνός,
668 1367 722 1430 καί
743 1361 934 1450 ἐποψήφιον
957 1360 1055 1430 ου’τὸν
1077 1361 1205 1446 οίνόμα-

108 1497 168 1538 σαν
186 1473 242 1537 καί
260 1473 422 1558 ἐτίμησαν.
464 1501 466 1520 ·

209 1574 261 1664 Τηῖ
282 1571 371 1661 αὐτῷ
392 1569 454 1638 ἔτει
476 1569 594 1656 ἐπῆγεν
615 1567 632 1633 ὅ
651 1565 800 1655 δεσπότης
820 1569 864 1644 είς
884 1567 938 1633 τὸν
957 1568 1091 1654 α’μηρᾶν.
1135 1562 1206 1632 τότε

106 1678 161 1742 καί
183 1671 297 1760 βροντή
325 1678 430 1758 γέγονε
463 1671 584 1757 μεγάλη
613 1667 667 1735 ἐπί
692 1672 749 1734 τοῦ
769 1669 993 1751 καμπαναρίου
1029 1670 1086 1732 τοῦ
1107 1689 1204 1748 μονα-

106 1778 252 1862 σῐηρίου,
274 1778 330 1840 καί
351 1774 458 1857 ψυχαί
487 1775 713 1855 δεκατέσσαρες
747 1765 993 1855 ἐβροντὴθησαν.
1036 1765 1148 1851 ἔστησε
1170 1769 1205 1835 δέ

66 1899 97 1953 15
106 1876 164 1962 τη“ν
186 1878 371 1958 ἐκκλησίαν,
393 1871 460 1959 ἥτις
487 1866 524 1958 ἦν
546 1869 661 1957 ἔρημος
682 1869 773 1952 τίτεγ,
797 1869 814 1934 ὅ
836 1864 1031 1954 ὖποψήφιος,
1056 1869 1109 1946 καί
1130 1865 1205 1942 τούς

105 1973 380 2062 ἐκκλησιαστικοές
402 1971 481 2059 πρός
501 1971 616 2040 ἑαυτὸν
649 1973 871 2036 συνέστειλεν·
919 1969 1071 2051 ἐποίμανε
1091 1969 1126 2033 δὲ
1147 1967 1205 2052 τὴν

104 2079 272 2162 ἐκκλησίαν
301 2078 482 2152 καλῶς,καί
511 2077 672 2160 θεοφιλῶς
694 2072 829 2157 χρόνους
854 2069 932 2152 δίο,
965 2075 1021 2136 καί
1041 2072 1086 2146 είς
1107 2068 1204 2153 τιμὴν

12 2235 15 2250 ,
103 2180 159 2243 καί
186 2174 307 2260 βουλὴν
331 2174 386 2240 καί
413 2175 553 2261 μεγάλην
583 2171 707 2260 α’γοὶπην
738 2172 768 2237 οἱ
795 2171 948 2239 adstaret
978 2169 1077 2238 αὐτὸν
1106 2166 1203 2255 εἶχον.

102 2283 137 2343 ἐν
157 2274 220 2358 ἔτει
243 2281 278 2342 δέ
298 2277 400 2356 6895,
427 2279 599 2342 ι’νδικτιῶνι
620 2273 660 2357 α’,
683 2272 745 2340 α’πιλ
771 2276 806 2340 δὲ
827 2277 973 2358 Χριστοῦ
996 2275 1096 2358 1888,
1117 2274 1206 2364 κοινῇ

58 2377 230 2458 tonderem
254 2378 358 2466 Ιβουλῇ
385 2382 548 2444 στέλλεται
570 2369 661 2453 οὗτος
694 2373 710 2440 ὅ
734 2376 907 2464 ὖποιμήφος
931 2379 977 2454 είς
998 2381 1205 2444 dolocom-

102 2475 262 2560 κου’τιολιν,
283 2477 382 2565 μηνός
399 2479 591 2566 Ἀπριλλίου
603 2481 652 2565 23,
674 2477 797 2544 κοῖκείσε
816 2481 943 2562 ἐποιήσε
962 2483 1063 2565 μῆνας
1082 2477 1202 2544 ἕνδεκα.

102 2584 248 2648 ἐνταῦθα
283 2581 319 2646 δὲ
347 2581 476 2665 εἰσῆλθε
508 2577 563 2644 τὸν
585 2576 756 2666 ἐρχόμενον
786 2579 926 2666 χρόνον,
956 2577 1033 2666 μηνί
1052 2580 1202 2670 Μαρτίῳ,

11 2731 12 2738 1
102 2685 240 2772 κυριακῇ
262 2681 348 2770 τρίτη
371 2685 430 2748 τῶν
451 2685 613 2768 νηστειῶν.

100 2986 237 3050 dominus,
258 2984 357 3039 Christi
383 3001 488 3049 amans,
507 2984 678 3038 voluntatem
698 2983 842 3038 Serbornm
869 3003 926 3038 non
946 2993 988 3040 est
1005 2993 1121 3051 secutus,
1140 3005 1200 3042 curn

99 3060 144 3111 illi
165 3059 199 3112 ab
221 3075 253 3110 eo
271 3066 412 3128 peterent,
437 3067 468 3110 nt
485 3056 537 3108 sibi
563 3055 634 3108 bona
656 3065 683 3110 et
707 3061 891 3128 possessiones
909 3059 1039 3112 ecclesiae
1057 3061 1201 3130 permitte·

100 3139 153 3194 ret,
170 3129 219 3182 sed
241 3131 406 3198 cogitatione
426 3137 453 3180 et
472 3127 671 3180 deliberatione
691 3129 825 3194 instituta,
845 3131 929 3200 elegit
939 3131 1023 3184 virum
1043 3130 1153 3200 dignum
1173 3141 1202 3186 et

99 3212 218 3265 cantum,
237 3210 341 3270 gratum
361 3201 412 3254 deo
431 3209 459 3254 et
472 3201 637 3264 bominibus,
657 3201 853 3254 Archimaorlrii
874 3204 1026 3271 praesidem
1038 3205 1201 3269 Gabrielem,

99 3275 149 3344 qui
168 3275 290 3345 episcopi
312 3273 409 3326 solium
429 3281 524 3344 postea
545 3272 673 3325 ascendit.
693 3273 767 3325 hono
786 3275 869 3342 igitur
889 3286 999 3346 propter
1018 3276 1201 3332 hortationem

98 3346 214 3398 multam
233 3345 370 3415 despotati
396 3347 424 3396 st
449 3345 603 3416 praesidum
631 3345 760 3396 ecclesiae
786 3345 820 3396 ad
848 3347 988 3399 ecclesiam
1007 3349 1202 3401 sanctissimam

98 3415 285 3478 adduxerunt,
316 3418 402 3487 primo
422 3415 467 3468 dis
489 3417 588 3468 mensis
607 3415 745 3480 Ianuarii,
766 3424 794 3467 et
813 3417 881 3467 clam
903 3425 1021 3469 creatum
1040 3433 1101 3470 eum
1115 3437 1201 3473 soca·

98 3498 166 3542 runt
184 3489 419 3559 honoraruntqne.

200 3576 300 3629 Eodem
317 3593 389 3630 anno
407 3584 535 3646 tyrannus
545 3575 579 3628 nd
593 3593 709 3630 amaram
723 3578 752 3648 (i.
765 3593 789 3633 ο.
807 3575 938 3642 nobilem,
950 3576 1101 3642 Sullanum,
1119 3579 1202 3652 Emit)

95 3667 126 3702 se
148 3649 273 3701 contulit.
309 3656 367 3702 tum
389 3650 470 3701 etiam
489 3648 592 3701 fulmen
611 3651 642 3702 in
659 3651 751 3704 turrirn
770 3649 965 3718 campanariam
982 3651 1138 3702 monasterii
1157 3653 1203 3706 io.
1263 3701 1269 3712 ,

95 3721 174 3784 cidit,
195 3729 222 3774 et
240 3721 444 3792 quatuordecim
467 3719 589 3774 homines
615 3722 662 3774 icti
691 3729 754 3774 sunt
772 3721 892 3774 fulmine.
939 3724 1092 3792 composuit
1109 3732 1201 3779 arctam

95 3791 259 3856 ecclesiam,
282 3809 353 3916 puae
371 3801 430 3845 tona
449 3801 507 3845 erat
526 3792 649 3856 deserta,
668 3795 737 3846 clam
757 3801 878 3858 creatus,
900 3800 928 3846 et
947 3795 1144 3847 ecclesiasticos
1166 3796 1201 3850 ad

94 3883 125 3916 se
147 3865 249 3931 coegit3
269 3881 282 3914 a
304 3864 468 3917 ministravit
486 3873 575 3917 antem
594 3865 665 3918 bene
686 3874 713 3918 et
737 3866 781 3934 pie
801 3865 942 3917 ecclesiam
960 3883 1009 3936 per
1029 3866 1096 3918 duos
1114 3885 1199 3921 annos

93 3945 125 3988 et
148 3937 176 3986 in
204 3935 307 3987 bonore
338 3945 366 3988 et
393 3937 507 3988 consilio
529 3945 556 3988 et
574 3951 670 4004 magno
701 3952 791 3988 amore
812 3936 948 4007 principes
969 3953 1030 3990 enm
1052 3937 1199 3993 habebant.

93 4023 172 4059 anno
190 4004 270 4067 6895,
289 4007 446 4060 indictionis
465 4009 559 4078 primo,
579 4025 606 4077 p.
623 4009 684 4060 Chr.
699 4027 725 4060 n.
741 4005 817 4072 1388,
837 4009 971 4062 communi
993 4010 1112 4062 omnium
1131 4027 1198 4063 con-

92 4079 161 4130 silio
180 4077 225 4128 bic
243 4079 312 4130 clam
331 4089 436 4132 creatus
447 4081 711 4150 Constantinopolim
729 4097 758 4132 se
777 4081 891 4142 confert,
914 4080 1011 4131 mensis
1032 4082 1131 4150 Aprilis
1152 4082 1199 4134 die

92 4149 142 4213 23,
161 4147 255 4222 ibique
272 4167 378 4204 menses
397 4153 521 4204 undecim
540 4161 659 4204 moratos
681 4160 729 4204 est.
758 4159 813 4204 tum
834 4169 904 4204 anno
924 4159 1056 4223 sequente
1075 4169 1197 4212 reversus
1226 4183 1230 4191 ·

93 4228 150 4286 est,
168 4237 260 4276 mense
278 4224 376 4278 Martio
395 4223 475 4277 tertia
493 4223 627 4280 dominica
645 4239 778 4279 sacrorum
804 4223 1077 4296 quadragesimorum.
