2946 4830
155 286 156 291 ‘
234 266 316 364 'sse
589 289 666 364 ,aa
695 289 827 364 uanus
858 287 965 362 mm

240 489 335 557 τηατ·
378 469 433 536 διὰ
465 469 527 554 γόρ
549 468 588 536 τό
609 469 760 553 χρήματα
782 472 838 556 την
867 473 1004 553 γαστέρα
1028 471 1127 535 autori
1147 467 1230 553 πυρδ
1248 487 1348 536 κατε·-
1401 485 1413 516 ⁸

240 573 373 649 στόλαξε
393 571 448 636 κατ’
468 572 523 649 τός
551 569 717 655 μασχάλας
745 572 890 653 λαμπάσι
919 568 1020 653 πυρός
1038 571 1217 655 κατέφλεξε,
1241 573 1284 658 τῷ
1307 575 1364 636 δέ’

240 670 376 754 στόματι
406 673 505 738 αὐτοῦ
534 670 697 756 μάχαιραν
726 671 829 748 ἐνδεές
859 669 946 755 ὕδωρ
976 673 1067 755 μιγὲν
1100 669 1178 754 μετὰ
1206 673 1346 750 στακτός

241 773 350 856 ένέχτι.
407 775 558 838 τοσοῦτον
585 771 645 856 γὰρ
680 765 717 856 ἦν
733 771 942 858 ’φιλόχρυσος
968 769 1209 855 ὃμισόγριοτος
1231 766 1280 837 ότι
1303 771 1342 837 τό

241 874 368 940 πάντων
400 871 535 956 ἔσχατον
564 879 624 939 τῶν
656 877 778 954 κακῶν,
809 873 865 956 την
888 872 1039 955 δευτέραν
1067 875 1375 955 τέδωλολατρειάν,5
1417 955 1422 965 Ι

241 971 299 1056 τὴν
320 975 535 1060 φιλαργυρίαν
558 979 649 1060 φημί,
670 975 719 1048 τός’
735 974 838 1046 ου’δεδς
851 977 914 1037 τῶν
935 971 1114 1056 α’νδροόαων
1134 969 1238 1060 ἑαυτῷ
1260 971 1346 1058 έθη-

240 1073 401 1158 σαόρικτν,
422 1072 458 1148 δς
481 1074 535 1139 καί
555 1077 608 1138 διὰ
629 1078 720 1139 τοῦτο
740 1071 999 1157 ἀνθρωποκτόνος
1021 1072 1229 1156 ἀποκατέστη.
1326 1157 1328 1160 Ι

333 1169 410 1250 Ἕως
432 1169 507 1239 ὅτου
530 1173 674 1260 ἔφθασε,
709 1172 786 1239 κατα
808 1172 843 1239 τὸ
863 1171 1019 1258 γνωμικὸν
1041 1173 1152 1250 αότοῦ,
1175 1170 1260 1255 ἔχειν
1281 1165 1345 1238 όν.

241 1283 319 1362 δρας
340 1281 397 1360 τῆς
418 1273 535 1341 ἑαυτοῦ
561 1280 677 1359 βουλῆς
706 1272 920 1357 καταλάλους,
940 1271 1189 1354 κοιλιοδοόλους,
1210 1273 1345 1356 έπιβοό-

240 1371 325 1460 λόυς,
341 1375 519 1451 καταδύσας
533 1376 588 1441 καί
603 1377 756 1462 φαύλους,
779 1375 833 1440 τόν
850 1369 930 1464 ἔργῳ
944 1374 1216 1454 ἐπονομαζόμενον
1231 1379 1343 1440 Κουτ·
1357 1375 1396 1440 td

242 1477 438 1562 ζοδοόδωρον
467 1477 522 1541 καί
550 1476 712 1561 Μανουηλ
742 1475 797 1541 τόν
832 1474 1007 1559 Τζηιιλινόν
1035 1473 1090 1538 καὶ
1120 1474 1257 1557 Μιχαὴλ
1285 1473 1346 1540 τόν

236 1579 394 1662 Ἀψαρᾶν,
418 1573 454 1642 δν
477 1582 530 1642 κατ’
554 1574 838 1660 πρωτοβοστιοίριον
860 1581 1033 1660 τετίμηκεν.
1078 1563 1168 1648 οὗτος
1198 1579 1302 1639 τοίνυν
1324 1565 1345 1638 ό

237 1679 387 1760 Ἀψαροῖς
416 1677 471 1742 τόν
492 1678 752 1763 πρωτεξόδελφον
784 1676 884 1742 αὑτοῦ
907 1673 1092 1761 Νικηφόρον
1121 1672 1176 1738 τόν
1195 1680 1347 1740 Bavares

240 1779 352 1854 δολίως
380 1778 459 1863 πρὸς
480 1775 578 1844 ἀὐτόν
602 1777 795 1862 ἐψιθύρισε·
839 1780 893 1842 καί
913 1776 928 1842 ὃ
950 1776 1104 1860 δεσπότης
1127 1779 1245 1859 Θωμᾶς
1266 1768 1346 1852 τοός·

240 1879 429 1964 όφδαλμοός
455 1879 557 1944 αὐτοῦ
577 1873 743 1964 έξορόττει,
767 1877 822 1944 καί
843 1873 923 1960 μετό
946 1881 1008 1944 τῶν
1028 1882 1142 1960 γονέων
1164 1879 1265 1941 adasai
1285 1880 1394 1944 κατ’15

239 1976 355 2064 ἑτέρων
387 1984 545 2063 συγγενῶν
578 1982 622 2054 εἰς
653 1983 981 2066 έξοριάν·έκτιέμπει,
1020 1981 1075 2042 κατ’
1107 1979 1160 2052 τόν
1191 1970 1346 2061 Ἀψαροῖκ

241 2084 347 2143 πλεῖον
365 2081 491 2144 πόντων
512 2088 607 2166 φιλεῖ.
651 2080 705 2145 κατ’
725 2076 825 2156 οὕτως
842 2084 876 2144 έκ
898 2068 1105 2162 συνθήματος
1129 2079 1241 2144 τούτου
1263 2079 1346 2156 νοός

237 2175 414 2255 Ἰωαννέτας
436 2177 556 2255 πάντας
577 2179 731 2262 προδότας
754 2179 878 2257 δολίους
901 2179 956 2244 κατ’
978 2177 1124 2266 φαόλους
1144 2177 1343 2260 ἐπωνόμαζε.

241 2276 297 2340 καί
325 2277 364 2340 ου’
383 2277 478 2358 μόνον
499 2279 728 2364 κατηγόρευεν,
761 2277 840 2346 α’λλοὶ
870 2282 925 2344 κατ’
952 2281 1113 2354 παντελῶς
1139 2277 1241 2355 κακῶς
1277 2278 1343 2342 αὖ·

155 2407 157 2412 ·
241 2374 317 2454 νοός
338 2372 413 2460 εἶχε.
1353 2386 1396 2440 20

126 2479 246 2510 Q*
340 2484 536 2564 Παραυτέκα
572 2483 608 2547 δέ
636 2483 691 2546 καί
723 2483 831 2565 λοιμός
862 2486 961 2565 μέγας
983 2485 1038 2546 καδ
1057 2477 1278 2567 δυνατηφόρος
1300 2483 1345 2568 τῇ

197 2665 198 2668 ¹
241 2577 330 2646 silea
350 2581 411 2648 τῶν
433 2582 614 2650 Ἰωαννόνων
628 2587 758 2668 γίνεται,
783 2583 844 2664 οδχ
866 2584 972 2659 ἅπλῶς
989 2584 1044 2646 καί
1057 2578 1101 2658 οἷς
1121 2579 1232 2664 ἔτυχεν
1255 2577 1343 2645 silini

242 2899 345 2961 patrem
365 2892 502 2945 lustralem
522 2893 686 2960 advocavit3
707 2909 767 2944 cum
787 2898 876 2942 autem
906 2891 931 2940 ei
951 2889 1078 2942 adessent
1097 2889 1183 2941 multa
1203 2887 1275 2940 bona
1293 2887 1343 2940 di-

241 2980 342 3033 vesque
361 2965 409 3026 ille
437 2974 526 3030 esset,
546 2967 615 3016 male
641 2975 668 3016 et
693 2964 839 3015 crudeliter
867 2978 927 3014 eum
947 2963 1084 3013 cruciavit.
1135 2968 1247 3030 propter
1266 2959 1343 3012 hona

242 3036 314 3085 enim
342 3044 471 3086 ventrem*
492 3038 553 3104 igne
579 3037 741 3104 complevit,
765 3045 792 3085 et
810 3035 907 3086 axillas
939 3033 1041 3085 facibus
1060 3033 1146 3102 igneis
1165 3031 1278 3093 adussit,
1297 3033 1343 3082 ori

241 3113 332 3154 autem
350 3106 408 3154 eius
439 3109 585 3174 pugionem
610 3108 750 3176 imponens
775 3123 872 3176 aquam
891 3122 950 3155 cum
971 3106 1061 3156 cinere
1078 3105 1201 3156 *mixtam
1220 3101 1341 3154 infudit:

242 3173 310 3224 aden
331 3175 403 3224 enim
422 3186 479 3228 erat
499 3179 556 3228 auri
572 3194 661 3228 amans
678 3178 726 3227 ille
740 3175 843 3228 Christo
862 3176 1051 3227 infestissimus
1071 3174 1112 3244 (id
1125 3174 1199 3244 quud
1218 3174 1345 3224 omnium

242 3251 283 3295 est
302 3252 448 3298 extremum
466 3249 606 3310 malorum,
626 3250 735 3300 alteram
756 3249 831 3298 illam
849 3249 1079 3316 superstitionem,
1104 3247 1244 3298 avaritiam
1266 3245 1345 3309 dieo,

243 3323 274 3366 ut
294 3331 373 3368 nemo
393 3318 446 3368 sibi
465 3319 613 3390 quidquam
631 3320 780 3390 conderet)
800 3328 830 3370 ut
848 3319 898 3370 hec
917 3336 945 3369 re
965 3320 1076 3370 sicarius
1096 3319 1181 3370 fieret.

342 3389 428 3440 Antea
460 3396 547 3442 autem
570 3409 603 3442 err
622 3392 756 3443 sententia
783 3407 830 3440 sua
850 3392 921 3442 viros
952 3390 1173 3441 habuitsenatus
1194 3390 1235 3440 sui
1253 3389 1344 3438 male·

243 3457 326 3520 dions,
345 3463 432 3512 ventri
446 3461 562 3525 deditos,
582 3463 734 3524 insidiosos,
755 3461 906 3530 proditores
934 3478 1095 3530 pravosque,
1115 3469 1145 3510 ut
1161 3468 1284 3510 vocatum
1305 3475 1345 3510 ex

244 3545 273 3580 re
289 3530 348 3598 ipsa
366 3533 624 3596 llutzotheedorum,
647 3542 674 3584 et
693 3535 847 3584 Manualem
866 3533 1042 3602 Tzeplinum,
1062 3541 1090 3582 et
1107 3529 1270 3582 Michaelem
1286 3534 1346 3598 sp·

245 3617 350 3664 aarum,
380 3619 459 3673 quem
482 3606 564 3657 etiam
587 3606 785 3673 protovestiarii
807 3605 837 3676 (i.
857 3623 880 3655 e.
901 3603 1021 3656 custodis
1046 3603 1124 3670 primi
1146 3603 1272 3670 vestium)
1290 3600 1346 3652 ho-

244 3689 310 3722 uore
342 3673 460 3726 donarit.
514 3675 558 3726 hic
585 3677 668 3742 igitur
692 3677 804 3744 Apsarus
834 3675 1017 3746 Nicephorum
1045 3675 1164 3726 Betalam
1190 3672 1346 3742 patruelem

245 3760 320 3793 suum
343 3744 437 3795 dolore
457 3746 490 3794 ad
514 3763 575 3796 eum
595 3746 708 3808 detulit,
733 3755 760 3797 et
777 3747 895 3798 Thomas
917 3747 1040 3798 dominus
1066 3746 1160 3796 oculos
1180 3746 1238 3796 eius
1257 3745 1347 3796 effodi

244 3813 329 3875 iubet,
349 3833 464 3885 eumque
484 3834 544 3866 cum
576 3817 734 3884 parentibus
756 3827 783 3868 et
801 3819 860 3868 aliis
885 3819 1005 3886 cognatis
1023 3819 1051 3868 in
1069 3817 1294 3878 exiliummittit,
1314 3823 1346 3868 et

244 3886 371 3952 Apsarsm
390 3887 471 3954 magis
492 3903 572 3956 quam
591 3889 679 3938 omnia
699 3897 779 3952 amat,
797 3897 878 3960 atque
899 3889 950 3940 hae
965 3891 1073 3942 ratione
1091 3905 1106 3939 e
1125 3887 1176 3938 tali
1194 3887 1347 3954 exemplari

245 3954 383 4007 loannitae
399 3974 492 4008 omnes
512 3958 681 4026 proditores,
701 3959 824 4023 dolosos,
845 3978 995 4030 pravosque
1020 3961 1162 4030 appellat,
1183 3973 1273 4028 neque
1294 3973 1346 4008 so-

247 4023 300 4075 lum
321 4028 471 4090 accusabat,
491 4029 539 4080 sed
559 4031 639 4080 etiam
659 4032 769 4083 omnino
789 4049 835 4082 eos
854 4034 925 4084 male
943 4033 1085 4084 tractabat.

303 4179 309 4192 .
344 4115 412 4165 Turn
432 4118 520 4168 erstem
539 4119 620 4167 etiam
643 4119 797 4186 pestilentia
824 4137 918 4187 magna
949 4127 977 4172 et
997 4118 1137 4171 mortifera
1157 4119 1186 4170 in
1208 4115 1273 4167 urbe
1295 4115 1348 4165 lo-

246 4188 346 4239 κυκνον
372 4189 483 4256 grassari
504 4188 614 4258 eoepit,
640 4205 696 4241 non
727 4190 841 4260 slmpllei
866 4189 946 4244 modo
976 4205 1068 4261 neque
1087 4189 1153 4256 sola,
1179 4187 1227 4242 sed
1249 4197 1347 4241 setara
