2946 4830
250 245 366 327 uss
495 239 989 349 „nnnnsnsesnr

250 409 326 482 υἱοῦ
347 433 411 480 των
430 410 489 498 τὴν
510 404 692 494 §animatu
724 405 800 472 tos
826 412 901 480 παῖς
921 403 1073 488 ἀγχίνους
1094 389 1138 466 siu
1157 396 1214 463 καί
1231 391 1357 484 εδηυὴς

251 517 358 582 πᾶσαν
389 511 548 597 ἐδιδάχθη
582 509 746 587 παιδείαν,
776 509 832 572 καί
858 503 920 571 tut
944 505 1008 570 rosis
1041 505 1110 570 ἐκεῖ
1134 495 1357 583 κυβερνάντοιν

252 610 364 702 ἅρχων
395 616 586 702 τριακοσίων
622 612 826 696 στρατιωτῶν
848 608 1030 692 ὠνομάσθη.
1085 601 1152 668 ἀλλ’
1176 594 1357 684 άταττὴσας

251 715 335 802 μετά
362 720 479 801 χρόνον
502 713 613 780 ἱκανοῦ
632 718 823 797 παρέλευσιν
846 708 1065 797 ε’φυλακοόθη,
1100 705 1156 769 καί
1175 697 1257 784 μετά
1281 721 1355 762 και.

252 817 308 900 ρόν
325 813 469 900 ἐδιώχθη
491 812 554 880 sinti
579 810 636 897 τὴν
658 817 759 877 πόλιν.
816 808 886 875 τότε
917 803 1111 893 καταφυγών
1139 806 1288 888 ἐτρέφετο
1312 800 1383 876 είςς

253 921 310 984 Ιἕνα
338 916 577 1000 μοναστὴριον,
603 909 684 978 ὅπου
705 913 862 997 γνωρίσας
884 908 974 984 τινάς
996 907 1154 990 ἐμπόρους
1175 903 1358 976 'iuraverint

253 1016 475 1102 διαβαίνοντας
504 1015 624 1080 ἐκεῖθεν
658 1007 737 1098 ἦλθε
765 1017 806 1094 μὲ
841 1004 960 1084 αὖτοδς
987 1011 1032 1083 εἰς
1063 1005 1138 1081 τούς
1169 997 1359 1088 Κορυφοάς.

253 1121 323 1184 ἐκεῖ
339 1121 375 1184 δὲ
398 1115 502 1182 tisun
532 1117 577 1194 εἰς
604 1117 661 1181 τοῦ
693 1115 872 1198 στρατηγοῦ
899 1108 976 1194 πρὸς
1005 1109 1171 1188 ἐπίσκεψιν
1200 1099 1360 1186 ἐκάθησεν

162 1293 167 1300 ,
254 1219 404 1304 δνωτέρω
427 1221 482 1283 ἀπ’
502 1214 621 1294 osirin,
651 1219 707 1280 καί
728 1214 899 1299 ἐρωτηθείς
928 1219 1017 1286 ποίας
1041 1205 1146 1290 εἶναι,
1165 1203 1361 1288 «ὡμολόγησε

254 1323 380 1404 πρῶτον
401 1313 450 1385 ὅτι
471 1312 552 1384 εἶναι
567 1315 635 1394 υἱὸς
655 1315 842 1382 σουλτάνου.
874 1316 967 1380 τοῦτο
987 1308 1125 1385 α’κοάόας
1148 1307 1165 1374 δ
1189 1299 1364 1392 στρατηγὸς
1374 1321 1405 1374 10

255 1418 403 1506 ἒσηκάθη
426 1417 552 1484 καὶτὸν
573 1415 798 1502 ἐπροσκάνησε,
823 1415 879 1481 καί
900 1413 955 1480 τδν
978 1415 1188 1496 ἐπαρακίνησε
1210 1405 1248 1473 νά
1271 1402 1361 1470 δοιά.

176 1516 185 1526 ”
253 1529 330 1606 γοινν
353 1515 436 1602 ὁμοῦ
457 1524 502 1595 τίς
526 1518 584 1603 τὴν
604 1521 773 1600 Βενετίαν,
806 1513 883 1583 ὅθεν
914 1516 952 1581 νά
979 1512 1034 1580 τὸν
1063 1513 1169 1600 anesin
1199 1507 1293 1586 ου’τός
1316 1511 1361 1590 μὲ

159 1669 163 1678 «
254 1619 350 1703 ἔξοδοί
371 1645 425 1687 του
446 1625 492 1698 είς
512 1622 574 1706 ζτην
598 1615 947 1704 Κωνσταντινοάπολιν,
982 1617 1027 1690 εἰς
1061 1611 1094 1678 τά
1119 1610 1225 1677 ὁποῖον
1248 1605 1265 1672 δ
1288 1613 1360 1684 νέος

253 1726 481 1809 συγκατέκαυσε
505 1717 691 1804 προθύμως.
781 1744 784 1753 “

358 1823 398 1892 Οἱ
421 1828 456 1890 δὲ
477 1809 650 1891 Ἰωαννϊται
673 1818 833 1903 μαθόντες
862 1818 980 1903 ταύτην
1006 1815 1064 1902 τὴν
1096 1811 1265 1899 ὁμολογίαν
1285 1827 1402 1894 του,15

253 1923 310 1992 τόν
335 1924 521 2008 δμαόδισαν,
538 1907 594 1988 καί
613 1924 668 1989 τὸν
689 1919 808 2009 ἔφερον
828 1921 902 2004 μεθ’
931 1915 1052 1985 ἑαυτῶν
1074 1919 1119 1994 τίς
1139 1917 1198 2001 την
1220 1913 1360 1998 intuta,

255 2023 454 2107 ἐξοδεύοντες
474 2025 580 2106 αάτοί,
608 2018 659 2090 δτι
692 2015 809 2098 ἐκεῖνος
835 2015 913 2106 η’τον
937 2016 1139 2087 παντάπασιν
1160 2013 1360 2101 ἀχρήματος,

253 2129 310 2192 καί
331 2131 453 2192 ἐκεῖθεν
473 2115 572 2208 ἦλθον
593 2129 638 2202 είς
670 2127 726 2208 την
746 2128 911 2207 Ζὲλοβαν,
931 2116 1008 2186 ὅθεν
1029 2117 1176 2204 ἔγραψαν
1205 2116 1284 2204 πρὸς
1305 2116 1361 2184 τὸν
1464 2111 1465 2150 ³

254 2227 352 2310 κατήν
375 2226 430 2291 καί
449 2225 503 2292 τὸν
524 2228 622 2308 βίην,
641 2221 867 2312 φανερόνοντὲς
902 2245 975 2300 τους
1003 2219 1036 2286 τό
1059 2223 1201 2305 πρᾶγμα,
1223 2222 1280 2284 καί
1302 2220 1361 2304 ζη-

254 2328 379 2401 τοῦντες
394 2322 570 2408 τάναγκαῖα
588 2331 768 2412 φορέματα,
791 2320 869 2390 ὅτιὸ
891 2327 960 2399 νέος
979 2315 1054 2407 η’τον
1071 2319 1239 2402 ἐνδυμίνος
1253 2320 1403 2390 essenti

255 2425 325 2492 ἀλλ’
346 2419 437 2492 οὗτοι
456 2426 500 2512 μη
523 2414 731 2512 προσέξοντος
750 2429 907 2502 παντελῶς
929 2425 998 2488 οὐδ’
1019 2423 1257 2507 ἀπεκρίθησαν·
1301 2420 1361 2502 μό-

253 2549 307 2594 νον
341 2525 358 2592 δ
392 2532 562 2614 ἐπιστάτης
584 2531 640 2594 τοῦ
660 2533 718 2612 βίη
743 2525 862 2618 δπῆγε,
894 2529 950 2590 καί
976 2521 1198 2608 προσκυνήσας
1230 2515 1362 2596 ἑπτάκις
1463 2531 1464 2606 η

254 2631 315 2706 ἕως
337 2631 394 2717 τὴν
412 2631 470 2717 γῆν
491 2633 547 2696 τοῦ
569 2632 701 2715 insinuo
723 2627 762 2695 τά
784 2625 935 2714 ποδάρια.
979 2623 1035 2692 καί
1053 2623 1087 2690 τὸ
1103 2621 1240 2690 δειλινὸν
1263 2623 1362 2709 άνὲβη

257 2883 353 2956 aliquo
372 2891 435 2954 post
453 2892 566 2956 propter
588 2891 729 2956 peccatum
755 2883 785 2935 in
812 2899 945 2935 carcerem
971 2881 1107 2934 coniectus
1133 2889 1188 2942 est,
1213 2887 1240 2934 et
1264 2889 1361 2951 postes

256 2956 325 3007 urhe
344 2957 483 3026 expulsus.
523 2965 579 3008 tum
595 2957 720 3025 confugit
739 2963 767 3006 et
785 2963 913 3024 exceptus
933 2961 975 3006 est
994 2955 1023 3005 in
1037 2953 1210 3013 monasterio,
1231 2951 1279 3003 ubi
1300 2969 1361 3005 cum

256 3035 419 3080 mercatores
449 3029 600 3079 nonnullus
631 3028 770 3078 Ioanuitss
805 3027 989 3093 cognovisset,
1016 3026 1062 3094 qui
1090 3041 1140 3096 per
1166 3024 1241 3074 ilium
1268 3023 1360 3076 lucum
1455 3027 1457 3035 ‘

255 3098 374 3168 proiecti
395 3107 470 3162 suut,
491 3116 550 3149 cum
573 3099 607 3148 iis
627 3099 655 3150 iu
676 3098 817 3170 Corcyrans
836 3098 927 3160 venit,
954 3096 1048 3166 ibique
1067 3113 1125 3148 cum
1146 3094 1296 3146 nd'duoens
1318 3097 1360 3147 vi-

257 3167 334 3219 sendi
353 3171 580 3230 consonuisset,
601 3168 634 3218 ab
654 3169 735 3220 initio
749 3167 873 3219 consedit
887 3185 919 3220 eo
940 3168 1030 3232 altius,
1050 3175 1077 3218 et
1098 3169 1278 3236 interrogatus
1297 3169 1361 3237 quis

256 3246 343 3302 esset,
374 3239 517 3292 contendit
543 3256 571 3290 so
592 3255 649 3290 esse
672 3240 758 3292 filium
778 3239 899 3302 Suitnni‚
928 3238 1001 3311 quod
1032 3255 1091 3290 cum
1119 3239 1267 3290 audivisset
1294 3237 1360 3302 dur,

227 3327 234 3331 ·
254 3311 373 3362 surrexit
393 3327 510 3381 eumque
531 3313 672 3375 salutavit,
696 3314 775 3380 eique
798 3311 938 3378 persuasit,
957 3319 988 3362 ut
1006 3327 1097 3362 secum
1117 3310 1196 3361 simui
1215 3309 1361 3361 Venetiam

254 3381 484 3452 proficisceretur,
504 3382 577 3434 unde
597 3400 656 3435 eum
666 3384 721 3434 suis
733 3383 865 3434 sumtibus
880 3382 1148 3452 Constantinopolim
1167 3389 1239 3432 esset
1258 3382 1357 3433 troies·

255 3462 342 3516 turus,
362 3453 437 3524 quod
455 3454 574 3506 libenter
594 3456 700 3525 occepit
719 3455 832 3505 iuvenis.
1011 3499 1015 3506 .

355 3523 497 3577 loannitae
515 3534 617 3588 autem,
639 3543 699 3576 oum
720 3527 911 3592 cognovissent
928 3527 986 3577 eius
1002 3524 1213 3586 affirmationem,
1232 3539 1292 3574 eum
1308 3525 1361 3574 inr-

254 3593 422 3666 pediverunt
440 3606 467 3648 et
488 3613 576 3650 secum
597 3596 719 3648 Siiiudnm
740 3596 890 3660 duxerunt,
909 3599 963 3647 suis
982 3595 1129 3660 sumtibus,
1148 3597 1212 3665 quin
1229 3595 1277 3646 iiie
1297 3611 1360 3653 om-

255 3668 324 3719 nino
346 3675 404 3718 erut
424 3683 540 3736 egenus,
569 3675 597 3720 et
618 3667 683 3718 inde
706 3667 831 3719 Zelobsm
850 3675 999 3732 venerunt,
1028 3667 1100 3719 unde
1126 3667 1160 3716 nd
1180 3668 1361 3734 magistratus,

257 3739 305 3808 qui
324 3745 454 3790 vocantur
468 3737 533 3789 kndi
551 3747 578 3790 et
595 3738 665 3806 bey,
685 3738 777 3789 literas
796 3741 945 3802 miserunt,
966 3747 994 3790 et
1014 3755 1067 3790 rem
1087 3740 1120 3789 iis
1141 3739 1293 3804 operientes
1314 3753 1362 3788 ue-

258 3817 314 3860 stes
335 3811 500 3862 necessarias
519 3811 685 3878 petiverunt,
705 3811 770 3879 quis
790 3813 895 3863 iuuenis
914 3809 1032 3862 vestibus
1052 3810 1220 3862 brevioribus
1240 3816 1298 3860 sset
1316 3809 1362 3864 in·
1460 3865 1461 3870 ,

258 3880 348 3932 dutus.
386 3880 434 3931 ssd
462 3881 502 3930 iili
522 3879 632 3932 omnino
652 3880 703 3932 boc
723 3898 779 3932 non
805 3891 929 3934 curantes
955 3899 990 3932 no
1014 3881 1213 3952 responderunt
1238 3877 1363 3949 quidem,
1460 3895 1461 3930 ι

256 3951 331 4002 solus
344 3951 548 4004 administrator
563 3952 589 4001 ei
607 3953 789 4020 magistratui,
811 3955 857 4022 qni
869 3953 922 4020 bey
938 3961 1054 4016 vocatur,
1074 3953 1230 4013 adiunctus,
1248 3949 1363 4002 adeum

256 4023 333 4072 venit
354 4032 381 4074 st
400 4024 501 4092 septies
521 4038 606 4092 usque
625 4024 659 4074 nd
678 4031 775 4076 terrum
796 4041 939 4076 conversus
961 4027 1018 4076 eius
1039 4023 1122 4094 pedes
1148 4025 1284 4076 osculatus
1309 4031 1363 4084 est,

258 4099 287 4142 et
305 4095 460 4162 vespertino
482 4093 548 4146 hora
568 4109 667 4217 ειηυιιια
688 4095 737 4146 iiie
758 4095 893 4158 escendit,
919 4111 1000 4166 quem
1019 4095 1221 4147 administrator
1244 4094 1363 4146 Snindse

259 4161 285 4214 ei
304 4160 430 4229 dederat,
457 4171 485 4218 et
504 4165 551 4218 ille
571 4183 586 4218 ο
606 4166 683 4220 venit
701 4175 732 4218 ut
748 4167 956 4236 Frsnoogsllus‚
980 4183 1098 4237 eumque
1114 4168 1143 4220 in
1162 4166 1271 4218 domum
1289 4164 1362 4240 Sps·

370 4429 380 4454 0
