2954 4816
251 301 321 372 188
696 299 894 368 HISTORIA

188 449 366 537 ιλὸθρόνου
389 453 508 532 adron,
536 450 586 522 διό
620 447 659 512 ντὶ
684 446 805 530 κόμοον
834 446 1044 529 πατριδρχιγν.
1089 447 1144 509 κατ’
1163 447 1233 509 ἐκεῖ
1252 448 1285 509 a'v
1306 448 1346 532 τῇ

247 547 371 635 συνόδῳ
392 552 555 634 α’πίφηναν
578 547 754 632 ὁμοφώνως
777 547 837 633 μιᾷ
858 535 960 630 βουλῇ
985 541 1040 606 κατ’
1061 542 1177 629 γνώμῃ,
1198 547 1254 606 κατ’
1273 541 1346 606 ἔκο-

246 665 315 728 ψαν
337 647 449 712 τὸτοῦ
470 649 612 726 Σίμωνος
637 645 922 728 παρανομώτατον·
938 641 992 704 καί
1012 641 1221 722 ἀσεβέστατον
1243 641 1345 724 ἔργον,

247 739 344 829 ἤγουν
364 743 403 810 νδ
432 749 533 827 μηδὲν
560 737 710 825 ἑπὲρνουν
732 746 868 827 φλωρία,
899 739 974 803 όταν
995 739 1132 818 κόμνουν
1149 739 1345 820 χειροτονία,

241 843 331 908 ,narrt
354 843 413 927 τήν
434 844 598 925 α’πόιριισιν
626 845 690 905 τῶν
709 844 805 904 θείων
827 839 882 902 καί
901 836 995 921 ἱερῶν
1018 837 1240 916 κανόνων,τοῦ
1260 841 1386 902 είκο-5’

185 975 188 982 ·
250 946 328 1006 orori
349 941 478 1006 ε’ννάτου
499 945 553 1003 κατ’
574 945 632 1004 τοῦ
653 942 852 1024 τριακοστοῦ.
883 940 925 1010 Ιεἰ
945 939 981 999 δὲ
1000 929 1178 1010 καίόποιος
1200 941 1262 1000 τῶν
1285 935 1347 1019 ἅρ-

245 1043 382 1123 χιερέων
405 1043 528 1122 παρέβη
560 1039 694 1114 τούτους
717 1038 792 1112 τούς
813 1035 963 1116 κανόνας,
990 1033 1028 1099 νδ
1051 1033 1121 1098 ἔναυ
1145 1035 1348 1098 ου’τοκαθαί-

249 1161 348 1222 ρετος.
391 1143 466 1219 περί
484 1141 518 1202 δὲ
539 1143 596 1202 τοῦ
609 1139 794 1218 ε’μβατικιόυ
815 1134 1040 1217 ε’σογχοόρησαν
1061 1133 1099 1199 vd
1123 1133 1157 1198 τό
1181 1137 1346 1218 ἐπέρνουν.

249 1231 276 1300 οδ
295 1240 350 1320 τῆς
371 1234 538 1309 κολάσεως.
582 1239 639 1299 rori
660 1240 759 1299 κακοῦ
774 1237 905 1314 δένδρου
929 1233 1073 1310 ε’τίναξαν
1091 1233 1130 1298 τό
1153 1232 1271 1318 φόλλα,
1291 1232 1349 1296 κατ’

249 1333 370 1416 ἔκοψαν
391 1332 466 1407 τοός
486 1321 622 1407 κλόδουξ
641 1333 697 1397 καί
720 1332 755 1396 τό
780 1335 919 1414 δένδρου,
941 1332 995 1395 κατ’
1015 1330 1071 1416 τήν
1092 1328 1185 1417 ῥίζαν
1205 1333 1345 1417 α’φῇκιιν,
1358 1342 1391 1393 10

248 1426 346 1516 ἤγουν
367 1429 403 1495 τό
423 1432 622 1511 Σιμωνιαιιόν
642 1433 703 1496 τῶν
721 1435 924 1516 χειροτονιῶν
944 1429 1081 1510 ἔκοψαν,
1102 1429 1160 1512 τὴν
1181 1433 1217 1494 δὲ
1236 1430 1354 1514 ῥίζαν,
1416 1513 1420 1518 ἡ

248 1534 388 1595 τουτέστι
409 1523 443 1594 τό
468 1533 656 1612 ἐμβατίκιον,
678 1533 811 1615 ιιίγῆκον,
837 1530 1007 1592 κατ’-πάλιν
1027 1531 1185 1614 βλοστὰνρ
1206 1529 1262 1593 καί
1285 1533 1346 1591 αδ-

244 1625 330 1711 Ιλξοὶνη
362 1632 419 1710 τῆς
449 1630 606 1702 κολάσεως
638 1624 670 1693 τό
704 1633 844 1710 δένδρον.
886 1627 941 1692 κατ’
970 1627 1125 1692 α’κοδσατε
1145 1632 1178 1692 τί
1196 1633 1279 1709 λέγει
1302 1631 1348 1702 εἰς

249 1725 307 1802 τός
326 1727 456 1809 πράξεις
489 1731 551 1790 τῶν
580 1727 679 1810 ἁγίων
710 1723 900 1798 ἀποστόλων.
960 1726 1158 1804 θεασόμενος
1180 1729 1215 1788 δὲ
1239 1729 1349 1805 Σίμων

214 1891 219 1899 ,
249 1822 385 1908 όμδγος
419 1821 467 1888 ότι
495 1826 547 1889 διὰ
579 1831 635 1908 τῆς
653 1829 824 1901 ἐπιθέσεως
847 1830 906 1890 τῶν
929 1828 1140 1908 ζχειρτόνποῖν
1161 1825 1390 1888 ιῖποστόλωνλῧ

249 1925 373 1988 δίδοται
402 1923 436 1986 τό
460 1928 585 2005 πνεῦμα
606 1921 641 1986 τό
673 1919 771 2006 ἅγιον,
793 1924 888 2008 ἔφερε
917 1925 1079 2012 χρήματα,
1098 1926 1240 1988 τουτέστι
1260 1928 1349 2006 φλω-

249 2024 314 2106 ριά,
337 2027 391 2086 κατ’
409 2017 476 2087 εἶπε
500 2027 563 2086 τῶν
586 2023 766 2088 ἀποστόλων
786 2022 874 2086 “δότε
895 2023 951 2090 καί
960 2025 1016 2102 ἐμὲ
1029 2023 1083 2104 τὴν
1105 2025 1250 2098 ἐξουσίαν
1271 2023 1349 2084 ταδ-

250 2144 316 2204 τιγν,
339 2121 390 2183 ἵνα
412 2123 456 2194 εἰς
477 2125 602 2204 ἐκεῖνον,
625 2118 705 2184 <inari
724 2124 810 2202 βάλω
831 2120 868 2185 τό
889 2125 985 2204 χεριά
1007 2146 1080 2203 μου,
1102 2121 1139 2184 ντὶ
1163 2117 1291 2202 ἔρχεται
1312 2117 1346 2182 τό

252 2224 379 2298 πνεῦμα
418 2217 453 2281 τό
479 2215 596 2300 δγιον.”
653 2219 725 2284 ὅδὲ
748 2221 920 2294 α’πόστολοξ
943 2224 1068 2303 Πέτρος
1096 2214 1164 2288 εἶπε
1185 2220 1264 2302 πρὸς
1283 2217 1347 2280 αδ.

249 2317 305 2380 τόν
328 2315 383 2380 “ad
420 2318 569 2400 α’ργόριόν
601 2326 678 2380 σου”
707 2313 803 2400 ἤγουν
831 2318 868 2383 τό
894 2321 1020 2404 pieplo
1041 2342 1100 2384 σου
1129 2321 1205 2381 “και“
1226 2315 1282 2381 ἐστ)
1307 2311 1390 2380 νότ20
1462 2319 1463 2389 i

249 2407 306 2500 ἧσε
329 2417 551 2499 α’φωρισγιὲνος
572 2414 626 2478 καί
648 2418 941 2497 α’ναθεματισμὲνος
966 2420 1011 2492 εἰς
1031 2417 1087 2502 τήν
1110 2415 1269 2480 α’τιώλειαν
1289 2419 1346 2480 τοῦ

251 2515 382 2578 αἰωνίου
406 2515 515 2598 πυρός,
541 2513 622 2578 διότι
637 2516 805 2597 ἑλογίασες,
827 2514 863 2579 τὸ
878 2515 1024 2599 χάρισμα
1045 2518 1103 2604 τοῦ
1123 2518 1203 2579 θεοῦ
1223 2517 1345 2579 δι’δεται

255 2847 309 2902 quo
335 2830 363 2881 hi
389 2835 443 2884 suis
473 2835 555 2900 iocis,
573 2838 630 2906 'pro
660 2836 792 2905 dignitate
822 2838 941 2888 muneris
968 2837 1201 2890 sui-ecclesiastici
1222 2839 1345 2907 quisque,

254 2902 434 2955 consederunt
459 2907 624 2972 patriarchae
653 2908 770 2958 faciendi
789 2925 877 2962 cansa.
923 2918 989 2960 tuno
1010 2915 1062 2959 uria
1082 2908 1231 2977 eademqne
1254 2917 1345 2958 mente

254 2981 283 3022 et
301 2989 366 3024 voce
386 2974 521 3025 decretum
541 2977 580 3026 ibi
608 2977 642 3026 ab
662 2980 700 3027 eis
720 2979 819 3028 factum
839 2987 895 3040 est,
919 2997 973 3049 quo
992 2979 1108 3029 Sirnonis
1128 2980 1346 3030 scelestissimum

253 3043 456 3110 impietatisque
475 3047 584 3111 plenum
611 3047 707 3098 vitium
729 3047 940 3110 excindebatur,
962 3049 1090 3100 videlicet
1107 3066 1142 3100 ne
1161 3051 1243 3099 ullam
1263 3065 1345 3117 cape-

256 3118 316 3189 rent
336 3113 364 3160 in
383 3111 615 3178 designationibus
635 3117 797 3185 pecuniam,
826 3119 872 3168 sed
896 3119 1047 3170 divinorum
1065 3127 1093 3169 et
1109 3137 1241 3171 sacrorum
1262 3137 1346 3170 cano-

254 3197 341 3240 num,
362 3181 481 3232 vicesimi
509 3187 573 3234 noni
602 3195 630 3236 et
651 3188 799 3254 trigesimi,
822 3191 983 3241 sententiam
1006 3190 1160 3240 inviolatam
1189 3190 1345 3240 retinerent.

255 3249 353 3318 quodsi
371 3251 449 3313 uitus,
470 3255 626 3324 quicunque
646 3266 734 3319 esset,
752 3261 905 3326 praesulum
936 3259 985 3311 hos
1004 3277 1120 3310 canones
1140 3263 1274 3321 transiret,
1294 3262 1345 3310 iarn
1425 3275 1430 3285 ¹

255 3327 311 3369 turn
333 3337 380 3386 per
397 3339 424 3372 se
456 3323 594 3376 iunctione
612 3323 731 3379 muneris
760 3331 802 3379 sui
821 3329 956 3381 deiectum
974 3337 1036 3381 'esso
1056 3331 1233 3382 nihilominus
1255 3339 1345 3381 tamam

255 3389 426 3441 embaticiurn
443 3393 519 3460 (doni
537 3398 626 3448 nescio
640 3398 717 3467 quid,
736 3398 811 3468 quod
831 3401 910 3450 initio
929 3399 1049 3468 daretur)
1069 3403 1153 3470 accipi
1173 3402 1345 3469 permisereo

253 3458 447 3528 indulgentiam
461 3466 557 3532 poenis
569 3467 674 3534 dignam
687 3471 772 3520 malae
785 3469 888 3521 arboris
899 3465 1038 3536 decessere
1052 3470 1167 3534 solia„et
1177 3489 1262 3521 ramos
1273 3471 1347 3521 exci-

254 3529 361 3593 derunt,
374 3541 454 3603 atque
466 3537 549 3602 ipsam
566 3537 635 3588 adeo
649 3539 787 3590 arborem:
809 3541 857 3592 sed
872 3541 987 3592 radicem
999 3541 1174 3610 reliquerunt.
1191 3541 1265 3609 quod
1277 3541 1347 3601 dico,

254 3600 306 3651 hoe
326 3611 375 3652 est.
395 3605 618 3656 nundinationem
639 3608 746 3676 quidem
759 3611 938 3662 simoniacam
954 3606 1155 3662 ordinationum
1174 3619 1348 3680 amputarunt

257 3670 306 3721 sed
323 3671 447 3737 radicem,
468 3691 565 3744 nempe
584 3693 678 3728 munus
696 3679 770 3748 qnod
791 3681 870 3733 initio
890 3682 978 3744 datur,
1000 3683 1175 3751 reliquerunt,
1196 3691 1226 3732 ut
1244 3682 1348 3738 scilicet
1393 3688 1398 3694 “

256 3757 292 3790 ne
310 3740 418 3792 deesset
437 3760 516 3792 cansa
536 3763 624 3796 rursus
644 3749 813 3814 germinandi
837 3760 865 3802 et
883 3752 1021 3802 crescendi
1041 3752 1192 3820 punitionis
1211 3751 1283 3820 apud
1303 3753 1347 3802 in-

258 3811 330 3860 feros
356 3811 454 3892 arbori.
502 3813 593 3865 audite
621 3817 688 3884 qnid
716 3821 744 3869 in
774 3820 844 3872 libro
872 3830 990 3872 actorum
1019 3823 1203 3890 apostolorum
1233 3822 1346 3872 dicatur.

256 3894 316 3961 curn
343 3881 454 3963 vrdisset
484 3892 572 3934 antem
603 3885 694 3938 Simon
720 3905 768 3956 per
798 3891 997 3960 impositionem
1016 3909 1141 3943 manuum
1162 3893 1347 3960 apostolorum

258 3947 315 3997 dan
336 3952 458 4018 spiritum
479 3962 624 4017 sanctum,
645 3957 746 4010 obtulit
770 3961 807 4010 eis
837 3965 979 4029 pecunias,
998 3979 1028 4011 ac
1047 3963 1115 4014 dixit
1133 3962 1215 4013 “date
1235 3962 1347 4014 etmihi

257 4025 436 4084 potestatem,
463 4031 492 4073 nt
514 4023 548 4073 ad
566 4026 660 4088 illum,
689 4031 840 4098 cuicunque
865 4049 957 4083 ananus
983 4050 1055 4083 necas
1075 4035 1239 4102 imposuero,
1257 4035 1349 4083 veniat

258 4095 365 4142 tanetus
384 4092 529 4174 ¹spiritual’
564 4095 656 4146 Petrus
678 4114 741 4150 vero
770 4099 839 4152 dixit
862 4103 886 4151 ei
916 4105 1054 4171 pecuniae,
1079 4112 1141 4154 tuae
1157 4112 1190 4154 -et
1208 4112 1236 4153 tu
1256 4104 1349 4154 sitis-a

259 4169 444 4211 communione
474 4179 579 4231 prorum
603 4171 731 4234 segregati
762 4179 788 4220 et
818 4171 846 4221 in
876 4173 986 4223 exitium
1008 4176 1110 4228 aeterni
1129 4175 1198 4242 ignis
1222 4174 1351 4238 execrati,
