2954 4816
282 251 352 322 180
575 229 577 237 ‘
731 257 923 322 msmms

365 409 433 471 lini
454 405 497 479 ὥς
519 406 678 484 ἐπέρασαν
697 405 815 488 ἡμέραι
840 405 961 488 ὀλίγαι,
984 401 1054 468 ὅλον
1076 405 1131 470 τὸν
1154 406 1377 491 περιφραγμὸν
1456 453 1457 478 r

277 509 336 572 τοῦ
357 506 592 587 τιατριαρχειόο,
616 500 696 594 ὄποῦ
718 497 789 586 ἦτον
807 501 943 586 γάροθεν
961 507 1002 584 μὲ
1023 503 1142 568 παλαιά
1169 508 1311 586 πὲταορα
1327 529 1378 568 σε.
1456 503 1457 570 l

202 607 214 668 s
279 609 482 686 σαθρωμένα,
507 603 636 684 ἔρρηξεν
657 601 749 680 αὐτά,
771 604 825 665 καί
853 598 970 685 ἤραρεν
992 599 1149 686 άσβὲστην
1169 604 1223 666 καί
1244 607 1377 682 λιθάρια

279 707 333 764 καί
355 701 608 782 κεραμιίλεςκαί
637 703 805 821 τούβοηλα,
834 705 889 765 aar*
909 700 1027 765 ἔκτισεν
1047 702 1123 766 αὐτὸ
1147 701 1303 786 γάρωθεν,
1325 707 1378 763 κατ’
1456 721 1457 798 η

225 845 228 851 ι
279 799 314 863 τὸ
346 799 460 879 ἔκαμεν
489 799 531 872 ὥς
563 799 697 880 κάστρον
727 799 941 880 ὡραιότατον,
970 805 1220 924 πεφυλαγμένον.
1276 799 1401 867 ἔκτισε5

279 902 315 964 δὲ
339 925 389 962 και
415 899 472 962 δύο
505 897 643 962 παλάτια
674 893 906 983 εὗμορφάτατα
937 897 1077 980 μεγάλα,
1106 902 1280 986 ἀριστερά,
1301 894 1378 961 ὅταν
1456 891 1457 980 l

218 1001 407 1085 ςγοειῖγὲνης
439 995 500 1059 rino
536 995 572 1058 τὸ
608 1005 849 1080 πατριαρχεῖον,
886 997 1016 1115 πληρίον
1048 1003 1123 1062 τοῦ
1142 1001 1378 1115 πατριαρχικοῦ
1456 1009 1457 1024 ¹

280 1099 371 1161 θειόο
401 1099 533 1159 κελλίοο.
584 1093 682 1175 ἔκαμε
712 1098 746 1158 ts
783 1122 835 1159 και
854 1095 1033 1178 μαγγάπιον
1051 1122 1102 1166 και
1099 1092 1235 1178 μῦλον.
1280 1093 1378 1209 ἔκαμε
1456 1177 1457 1214 η

279 1199 314 1260 δὲ
337 1201 391 1258 καί
411 1194 505 1276 σκεύη
540 1197 596 1276 τῆς
617 1193 754 1276 μεγάλης
784 1198 967 1279 ἐκκλησίας,
1002 1195 1196 1276 διβάμοολον
1226 1191 1376 1275 άργυρὸν,
1456 1219 1457 1310 η

277 1294 402 1360 λεκάνιν
426 1292 569 1374 οἷργυριν,
592 1297 771 1370 μανοοιίλια
794 1291 896 1356 rlrr'o'
874 1295 1009 1377 αργορά,
1033 1320 1084 1357 και
1108 1287 1188 1358 άλλα
1210 1291 1376 1374 πολυτιμα,
1387 1306 1414 1358 10
1456 1311 1457 1414 η

278 1391 410 1474 λαμπρά
433 1416 483 1452 και
501 1394 608 1471 χρυσοῖ
629 1389 715 1507 ἱερά,Ι
737 1417 788 1454 και
785 1391 933 1465 ποιλαῖς.
1252 1441 1256 1444 -
1456 1439 1457 1462 r

247 1483 251 1488 i
329 1487 435 1570 Ὅμως
448 1485 554 1563 τοῦτος
567 1487 583 1552 ὅ
596 1487 797 1573 πατριάρχης
813 1484 885 1573 ητσν
900 1489 1026 1554 πολλάε
1009 1490 1210 1573 υπερηφανος
1223 1515 1274 1553 και
1271 1491 1384 1566 ὃοξαι

277 1594 402 1671 σμένος,
423 1591 477 1668 καί
493 1581 588 1670 ἦλθεν
606 1589 651 1660 εἰς
672 1588 795 1669 μεγάλα
817 1585 978 1652 σκάνδαλα
999 1587 1079 1667 μετά
1103 1591 1163 1651 τῶν
1183 1585 1379 1666 τιμιωτάτων
1456 1581 1457 1628 l

277 1690 431 1770 κληρικῶν
446 1683 586 1764 καὶμετά
612 1686 675 1748 τῶν
697 1684 928 1766 εὐγενεστάτων
943 1686 1117 1768 α’ρχόντων.
1142 1689 1196 1756 κατ’
1217 1686 1378 1748 α’πέστειλε

278 1791 335 1851 κατ’
356 1784 502 1862 ἑσάναξεν
524 1783 617 1859 ὅλους
636 1784 711 1859 τούς
734 1787 894 1867 ἀρχιερεῖς
915 1789 970 1866 γῆς
989 1786 1156 1870 ,α’νατολῆς,
1176 1789 1230 1867 τῆς
1252 1783 1374 1857 ιλάσεως
1387 1805 1416 1854 15
1456 1775 1457 1862 l

279 1889 333 1963 κατ’
351 1890 406 1966 τῆς
428 1883 694 1967 Πελοποννησον·
737 1887 792 1946 κατ’
811 1877 912 1966 ἦλθαν
934 1889 988 1947 καί
1010 1882 1235 1968 ἐσονάχθησαν
1257 1887 1301 1958 εἰς
1323 1883 1377 1963 την

277 1981 416 2066 μεγάλην
437 1986 621 2066 ἐκκλησίαν·
663 1979 716 2045 διά
741 1979 780 2045 νά
803 1981 877 2055 τούς
897 1981 965 2064 ἔχει
987 1984 1133 2066 βοηθούς,
1154 1982 1192 2046 νά
1214 1979 1376 2066 καταβάλῃ

279 2083 353 2157 τούς
376 2083 514 2162 ἐχθροὺς
544 2084 656 2145 orituri.
710 2080 918 2144 salaveldon
941 2087 1107 2165 γενομένης
1130 2073 1410 2158 άαὲιλειξαναῦζ,
1456 2081 1457 2164 l

281 2183 337 2244 τὸν
361 2169 577 2259 Σιμωνιακάν,
610 2183 664 2242 κατ’
690 2177 770 2242 κατά
793 2179 850 2261 την
882 2181 1048 2264 ἀπόφασιν
1076 2182 1137 2244 τῶν
1164 2181 1378 2243 α’ποστολικιόν
1456 2183 1457 2244 l

280 2283 378 2342 θείων
414 2279 552 2341 κανόνων
584 2277 746 2360 ἐκάθηραν
769 2276 867 2342 αὐτὸν
900 2281 954 2362 τῆς
987 2278 1226 2363 ἀρχιερωσύνης
1247 2281 1302 2340 καί
1323 2281 1417 2342 rosilli

282 2380 516 2460 πατριαρχικοῦ
537 2374 653 2457 θρόνου
675 2379 730 2439 καί
749 2381 805 2460 τῆς
824 2379 926 2459 τιμῆς,

271 2467 274 2472 ”
364 2475 445 2541 Ἰθόὐ
473 2479 529 2538 κατ’
551 2475 569 2558 ἤ
590 2476 776 2558 καθαίρεσις
797 2476 910 2538 αὐτοῦ.

354 2751 445 2802 Paucis
464 2749 559 2810 diebus
581 2750 679 2819 elapsis
701 2757 788 2809 toturn
807 2758 912 2818 septum
937 2767 991 2819 quo
1010 2749 1205 2818 patriarcheum
1226 2748 1379 2800 circumda·
1456 2719 1457 2798 l

284 2830 341 2874 tum
363 2831 427 2882 erat,
447 2839 506 2870 curn
526 2823 661 2872 veteribus
680 2825 708 2871 et
725 2822 881 2890 putrefactis
906 2821 1019 2885 tuguriis
1034 2820 1183 2884 destruxit5
1203 2820 1379 2888 advectisque

286 2894 369 2952 calce,
386 2891 532 2958 lapidibus,
554 2893 652 2958 tegulis
673 2902 700 2942 et
712 2892 854 2941 coctilibus
875 2892 1003 2940 lateribus
1017 2909 1122 2940 murum
1141 2893 1191 2958 ipsi
1206 2891 1379 2959 patriarchen

286 2961 472 3022 circumdedit,
492 2965 529 3010 ita
551 2972 580 3011 ut
599 2963 626 3010 id
647 2979 718 3010 nunc
734 2964 810 3010 castri
830 2959 1001 3029 pulcherrimi
1022 2969 1050 3011 et
1076 2964 1174 3012 muniti
1194 2963 1311 3030 speciem
1329 2961 1381 3010 ha-

286 3032 358 3082 beat
381 3032 533 3082 aedificavit
552 3048 661 3098 quoque
680 3031 733 3080 duo
746 3033 868 3099 speciosa
890 3033 1023 3114 etprripla
1044 3033 1174 3099 palatia
1167 3049 1195 3082 m
1216 3041 1292 3099 parte
1312 3033 1381 3082 sini-

287 3111 341 3152 stra
363 3103 474 3150 exeunti
502 3119 515 3150 e
538 3099 715 3166 patriarche0‚
738 3118 822 3168 prope
847 3105 1050 3152 sacratissimam
1056 3101 1237 3184 patriarchae
1257 3103 1379 3166 cellam,
1456 3095 1457 3182 l

210 3219 216 3227 ,
287 3169 408 3220 adhaec
428 3171 571 3238 coquinam
605 3181 632 3220 et
658 3171 845 3220 molendinum
874 3175 984 3240 insuper
1007 3173 1075 3220 vasis
1097 3174 1315 3238 sacrismagnam
1336 3189 1382 3222 ec-

287 3241 393 3290 clesiam
421 3242 496 3290 arisit
522 3251 549 3291 et
566 3243 689 3304 ornavit
710 3240 847 3301 turibulo,
869 3243 950 3310 pelvi,
969 3240 1279 3302 σειιιλεΙιλιιίειΙιιολνιιε,
1285 3259 1317 3292 ex
1338 3259 1385 3292 ar·

287 3320 368 3378 gento
381 3311 513 3373 omnibus,
535 3328 584 3361 nec
603 3330 659 3362 non
676 3279 734 3362 :iliis
753 3315 842 3379 magni
856 3314 939 3382 pretii
958 3322 984 3364 et
997 3313 1149 3380 splendoris
1171 3329 1203 3362 en
1214 3330 1278 3364 auro
1298 3321 1383 3364 uteu-

287 3383 382 3433 silibus
404 3383 482 3432 sa'cris
501 3389 528 3432 et
549 3383 677 3432 vestibus.

269 3527 277 3544 s
357 3470 417 3522 Erat
439 3485 518 3536 porro
538 3469 582 3517 hic
602 3469 752 3536 patriarcha
783 3467 924 3519 admodum
948 3467 1101 3534 superbo'
1094 3469 1212 3534 tagenio,
1231 3476 1258 3519 et
1279 3469 1386 3534 gloriae

287 3549 395 3610 praeter
418 3539 524 3588 modum
545 3539 632 3589 avido.
670 3540 752 3588 lrinc'
746 3557 773 3588 m
792 3557 898 3606 magnas
919 3541 1133 3588 concertationes
1149 3557 1206 3588 cum
1226 3539 1387 3588 venerando

288 3612 444 3662 elericorum
465 3620 542 3658 coetu
571 3617 598 3659 et
616 3626 674 3658 cum
706 3611 769 3658 viris
788 3611 933 3660 nobilitate
963 3609 1161 3682 praestantibus
1182 3609 1261 3659 venit.
1298 3617 1388 3677 atque

289 3690 320 3730 ut
338 3681 388 3729 sibi
410 3679 559 3732 αιΙλαιοιοε
579 3679 745 3730 adversariae
773 3680 897 3730 factionis
924 3667 1142 3746 prosternendae
1164 3696 1241 3728 causa
1271 3688 1386 3745 paratos

209 3791 215 3801 ,
289 3751 411 3800 haberet
429 3750 531 3798 nuntiis
558 3751 659 3798 emissis
691 3759 800 3800 cunctos
820 3752 937 3800 Orientis
959 3749 1114 3800 Occidentis
1144 3758 1172 3800 et
1200 3749 1457 3818 Peloponnesi

292 3821 432 3888 pontilices
452 3821 628 3883 congregavit.
666 3821 711 3888 qni
732 3837 789 3870 cum
808 3822 955 3880 venisseut,
973 3822 1001 3870 in
1020 3837 1115 3887 magna
1135 3820 1247 3870 ecclesia
1268 3835 1390 3887 congre-

228 3889 229 3895 ’
291 3892 343 3957 gati
380 3897 451 3938 scint.
489 3890 592 3952 synodo
612 3897 701 3939 autem
723 3891 810 3953 lacta,
838 3907 926 3959 ipsum
945 3891 1081 3940 Simonias
1108 3893 1280 3942 convicerunt
1302 3899 1334 3940 et
1357 3909 1391 3940 ex

292 3959 426 4010 sententia
445 3974 579 4008 sacrorum
599 3927 810 4027 apostolicoruni
836 3978 969 4014 canonum
988 3961 1128 4030 pontificio
1150 3959 1249 4012 throno
1269 3961 1392 4028 patriar·

362 4115 520 4194 Exemplum
539 4115 708 4167 deiectionis.

1456 3425 1457 3456 l

293 4029 423 4097 chicoque
444 4027 546 4079 honore
566 4028 731 4082 deiecerunt.
