2922 4824
1459 73 1460 130 l

204 161 207 168 f
1459 131 1460 192 l

240 247 287 319 76
319 217 321 225 ’
356 229 362 248 ’
506 278 515 296 ‹
695 250 890 318 maronia
1155 315 1158 321 ,

238 403 347 480 ὁδούς·
390 406 535 489 ἐφοβεῖτο
558 402 616 486 γὰρ
649 405 710 467 τῶν
733 405 802 466 ἐκεῖ
823 399 930 482 μεροῖν
949 395 986 462 τύ
1018 394 1172 478 δύσβατα,
1194 394 1333 480 α’μμούδη

237 520 270 570 τε
291 503 346 568 καὶ
366 496 500 584 ἄνυδρα,
520 505 571 568 ἵνα
584 499 628 584 μη
652 501 790 586 ἀπολέσῃ
812 499 866 562 τὸν
886 497 978 561 τόσον
995 495 1072 560 lade
1095 493 1130 560 δν
1148 493 1224 578 εἶχε.
1249 501 1333 578 θαρ.

237 598 339 684 σήσας
361 592 416 666 ούν
437 609 501 674 τοῖς
524 595 622 682 λόγοις
644 599 758 662 τούτου
782 595 838 661 καί
858 603 926 670 ταῖς
948 583 1079 676 βουλαῖς
1101 599 1244 679 ἐποίησεν
1268 596 1331 658 αδ.

195 705 230 758 43
239 699 292 766 τὸν
313 698 487 784 η’γούμενον
519 700 563 774 αἷς
584 696 733 780 ἔμπειρον
761 701 823 762 τῶν
844 699 914 760 ἐκεῖ
928 691 1043 778 τύπων,
1065 701 1119 760 καί
1139 699 1244 760 ἐδίδου
1266 699 1332 760 πᾶ-

238 825 299 864 σαν
319 797 511 882 συμβουλήν.
561 795 751 871 α’πελθύντες
774 790 830 860 οὖν
849 797 883 860 ἐν
899 797 936 881 τῇ
956 799 1137 882 Δαμασκῷ,
1160 797 1190 859 εἰ
1210 800 1265 858 καί
1284 793 1361 878 μηδ

159 911 161 915 ’
237 897 436 982 θελησάντων
457 901 520 972 τοῖν
543 899 611 961 ἐκεῖ
619 894 718 970 εύθύς
732 898 957 979 προσκυνῆσαι,
980 887 1066 973 ὅμως
1083 890 1332 978 ἑπροοκύνηοαν·

238 999 274 1062 τύ
291 998 353 1080 γὰρ
377 996 433 1060 καί
454 993 538 1079 εἶχον
561 998 691 1078 ποιῆσαι
711 1000 744 1060 ἐν
763 993 900 1081 τοσαύτῃ
922 995 1052 1080 στρατιᾷ
1073 989 1204 1079 μεγάλη.
1227 986 1333 1076 ύραν-
1357 989 1362 996 ’

238 1120 286 1172 τες
308 1099 343 1162 δὲ
365 1100 485 1160 ἐκεῖθεν
515 1095 700 1180 ἐπορεύοντο
721 1092 778 1176 τήν
796 1091 958 1176 Αἴγυπτον
970 1145 984 1176 ‚.
999 1095 1053 1156 καί
1071 1089 1261 1174 κατήντησαν
1285 1095 1334 1166 εἰς

237 1191 271 1260 τύ
296 1199 428 1278 Μεσύρι.
482 1195 642 1276 θεώμενος
665 1197 699 1257 δὲ
726 1193 759 1258 τύ
783 1195 841 1260 τού
863 1189 960 1256 τόπον
981 1189 1137 1271 δύσβατον
1159 1189 1174 1252 δ
1194 1190 1333 1257 οοαλτάν

237 1299 373 1379 Σολύμης
402 1296 611 1376 ἐβουλεύσατο
642 1291 727 1369 ὅπως
756 1278 931 1378 καταλεύψῃ
952 1289 986 1356 τὸ
1020 1290 1096 1354 πολύ
1131 1295 1251 1374 πλῆθος
1273 1295 1333 1357 τού
1345 1301 1380 1354 10
1459 1291 1460 1348 Ξ

223 1395 318 1460 'duod
339 1393 394 1457 καὶ
412 1399 473 1459 τῶν
486 1399 600 1478 ἳππων,
623 1397 678 1456 καί
699 1391 893 1475 πορεύοηται
907 1389 987 1473 μετὰ
1010 1395 1072 1454 τῶν
1093 1394 1330 1475 ἑκλεκτοτὲρων.

238 1495 294 1556 καί
311 1491 349 1574 δὴ
375 1492 430 1556 καί
450 1497 613 1578 ε’ποιήσεν·
638 1494 807 1574 η’πίσταντο
823 1490 883 1575 γύρ
906 1489 961 1555 τὸν
982 1493 1039 1554 τού
1058 1490 1230 1554 σοολτοίνοα
1254 1493 1335 1557 λαὸν

228 1587 258 1680 Ιδ
277 1614 312 1656 τε
333 1592 526 1676 Χαήρμπεϊς
554 1595 608 1656 κατ’
635 1586 735 1656 ἄλλοι.
786 1593 870 1656 εἰδὲ
902 1589 958 1654 κατ’
978 1595 1098 1673 πλῆθος
1122 1590 1332 1673 ε’ξἈρύβων,

238 1696 333 1756 τούτο
352 1690 598 1773 σχεδὸνοδύὲν·
655 1693 692 1755 οδ
714 1689 775 1776 γύρ
803 1692 896 1754 τόσον
920 1689 1000 1754 εἰσίν
1021 1683 1204 1772 α’νδρεῖοιῆ
1222 1693 1351 1770 μένον-·
1408 1759 1416 1774 ,
1459 1677 1460 1684 ¹

149 1843 156 1853 ,
237 1812 298 1863 τες.
338 1788 568 1874 πλησιάσαντες
598 1789 637 1874 δη
668 1799 732 1865 τοῖς
766 1793 834 1853 ἐκεῖ
854 1787 962 1862 τύποις
990 1785 1157 1874 ε’φλέγοντο
1190 1787 1250 1852 ύπδ
1279 1791 1333 1871 τῆς
1345 1799 1380 1850 15
1459 1807 1460 1810 ’

182 1905 209 1958 .'
239 1892 335 1974 δίψης
355 1892 411 1954 κατ’
438 1895 497 1954 τού
516 1891 655 1974 μεγάλου
680 1891 841 1970 καύματος
874 1891 930 1952 τού
955 1891 1024 1952 ἐκεῖ
1040 1873 1216 1970 γινομένου,
1237 1881 1334 1954 ὄντων
1459 1883 1460 1886 “

176 2013 178 2020 ·
238 1988 419 2072 develton
462 1992 503 2052 ού
522 1987 619 2072 μόνον
642 1993 676 2054 δὲ
699 1984 862 2073 ἄνθρωποι
894 1991 990 2058 τοῦτο
1008 1985 1154 2069 ἔπασχον,
1177 1986 1258 2052 α’λλοὶ
1279 1988 1336 2052 κατ’

107 2172 115 2180 .
238 2087 274 2153 τύ
300 2093 382 2173 ζοῖα,
414 2088 504 2168 ἵππρι
531 2089 664 2176 κύμηλοι
696 2091 750 2154 καί
784 2087 888 2154 λοιπά.
944 2083 1004 2170 δρα
1027 2089 1062 2150 δὲ
1083 2093 1221 2170 κρίματα
1242 2085 1332 2152 θεοῦ.

169 2217 170 2220 ’
238 2183 336 2254 ὄντων
356 2185 389 2254 ἐν
407 2189 560 2264 τοιούτοις
578 2195 633 2255 trac*
651 2185 737 2272 ὕδωρ
759 2193 870 2274 χρείαν
883 2185 1015 2270 ἔχοντες,
1038 2185 1144 2272 ἔβρεξε
1158 2187 1260 2271 βροχὴ
1275 2211 1335 2268 με.
1459 2269 1460 2274 ¹

237 2287 316 2372 γύλη
337 2289 390 2352 καί
411 2287 588 2371 ἑχόρτασαν
607 2271 668 2353 Ικατ’
698 2291 763 2366 ζῶα
784 2283 839 2351 καί
860 2279 1034 2370 ἅνθρωποι.
1084 2284 1274 2366 ἐθαύμασαν
1298 2289 1382 2350 δὲῖθ

240 2387 269 2451 οἱ
293 2385 428 2452 ε’ντύπιοι
453 2391 592 2471 λέγοντες
624 2383 670 2453 δτι
692 2383 837 2471 τοιαύτην
869 2385 989 2472 βροχὴν
1018 2387 1074 2450 ούκ
1104 2382 1237 2467 εἴδωμεν
1259 2379 1335 2449 obre

240 2487 331 2572 ἡμεῖς
351 2481 422 2552 αύτε
447 2485 476 2552 οἱ
496 2493 629 2573 πατέρες
648 2485 749 2572 ἡμῶν.

348 2586 444 2653 Μετὰ
474 2585 613 2653 θάνατον
651 2591 686 2654 δὲ
717 2590 774 2652 τού
802 2589 985 2668 Παχωμιόα
1015 2583 1286 2670 ἑπατριύρχεοσεν
1317 2583 1333 2650 ὅ

241 2758 332 2828 plena,
351 2773 437 2828 aquae
459 2760 579 2826 expertia
598 2767 695 2820 essent,
713 2775 748 2810 ne
766 2765 871 2820 tantas,
892 2773 957 2826 quas
977 2773 1067 2806 secum
1085 2753 1213 2816 habebat,
1232 2754 1334 2824 perde·
1459 2815 1460 2818 Ἴ

241 2837 282 2880 ret
300 2829 400 2896 copias.
437 2832 553 2881 conlisus
578 2831 671 2900 itaque
688 2830 777 2881 verbis
797 2831 854 2880 eius
875 2829 1050 2895 consiliisque
1071 2826 1153 2876 fretus
1173 2827 1267 2876 ducem
1286 2827 1333 2876 iti·
1394 2855 1398 2860 ,
1459 2839 1460 2852 ¹

240 2901 312 2951 neris
331 2902 405 2963 fecit,
424 2909 454 2952 ut
472 2901 581 2952 illorum
603 2902 723 2952 locorum
742 2901 870 2970 peritum,
897 2907 925 2948 et
942 2897 1066 2948 omnibus
1087 2895 1333 2948 deliberationibus

241 2971 376 3024 adhibuit.
411 2979 553 3040 postquam
573 2973 731 3022 Damascum
749 2971 881 3040 pervenit,
901 2971 970 3019 cives
992 2985 1047 3019 uon
1067 2971 1196 3018 continuo
1219 2967 1332 3036 quidem

242 3043 303 3104 illi,
322 3050 350 3093 at
373 3042 482 3093 tandem
506 3045 594 3110 ipsum
613 3043 642 3092 in
673 3043 767 3091 urbem
795 3039 956 3090 obedienter
977 3047 1159 3108 receperunt:
1192 3038 1334 3108 quomodo

166 3113 314 3172 1516enim
334 3120 409 3163 tanto
430 3113 558 3162 exercitui
578 3111 756 3163 restitissent?
793 3105 885 3160 c'astris
899 3110 964 3160 inde
982 3111 1111 3180 promotis
1132 3109 1159 3158 in
1180 3111 1332 3178 Aegyptum

243 3182 398 3232 descensum
418 3190 472 3255 est„
485 3183 620 3232 Alcairum
643 3199 741 3232 versus.
778 3181 935 3232 difficultate
953 3182 1005 3231 loci
1019 3188 1167 3249 perspecta,
1186 3181 1332 3231 consilinm

174 3299 177 3306 .
242 3253 306 3302 iniit
325 3253 444 3306 Solimus,
465 3254 573 3304 maioris
600 3256 683 3322 partis
707 3251 844 3322 peditatus
873 3260 901 3304 et
926 3253 1063 3322 equitatus
1090 3250 1284 3319 relinquendae
1304 3259 1334 3301 et

242 3341 300 3373 cum
315 3321 420 3374 delecta
440 3332 543 3375 tantum
563 3341 643 3377 manu
666 3322 862 3392 proficiscendi.
899 3324 937 3373 ita
958 3323 1032 3384 lecit,
1053 3338 1103 3372 nec
1121 3321 1198 3371 male.
1236 3331 1332 3372 notum

243 3395 314 3444 τοία]
336 3395 461 3462 Aegyptii
482 3396 580 3446 sultaui
600 3397 740 3465 populum,
762 3396 850 3464 qualis
875 3393 998 3446 labello
1018 3399 1095 3455 esset,
1115 3391 1279 3442 Chaerbeius
1304 3400 1333 3444 et

242 3465 287 3514 alii
310 3464 454 3516 habebant.
491 3467 589 3536 quodsi
617 3468 695 3516 etiam
726 3467 825 3518 mirltos
843 3464 942 3516 Arabes
962 3463 1094 3526 haberet,
1112 3479 1157 3514 eos
1177 3479 1262 3532 prope
1282 3480 1332 3531 pro

241 3536 328 3586 nilrilo
348 3537 492 3603 putabant:
524 3555 579 3588 uon
606 3539 677 3588 eninr
696 3537 735 3588 ita
760 3537 842 3588 fortes
861 3537 929 3599 viri,
948 3553 998 3586 nec
1016 3535 1163 3586 comminus
1184 3533 1333 3603 pugnando

240 3615 403 3658 constantes·
442 3608 659 3676 postqrrarnillis
688 3608 754 3658 locis
779 3607 1045 3675 appropinquarunt,
1075 3603 1205 3655 ardebant
1235 3605 1331 3655 sitiet

241 3679 358 3742 maximo
380 3677 418 3726 ihi
438 3686 523 3739 aestu,
545 3678 657 3729 ferendo
677 3696 733 3729 non
756 3680 864 3728 assueti.
901 3677 1118 3728 nechominibus
1141 3675 1220 3725 modo
1239 3674 1265 3724 id
1284 3691 1331 3725 nc-

241 3748 370 3808 cidebat‚
391 3747 438 3798 sed
458 3749 538 3798 etiarn
556 3749 704 3810 iumentis,
737 3750 813 3817 equis
834 3748 942 3798 camelis
962 3756 990 3797 et
1009 3748 1079 3797 aliis.
1101 3746 1148 3796 sed
1166 3753 1230 3796 ‘ecce
1248 3747 1334 3794 mira-

242 3819 331 3874 culum
353 3817 405 3868 dei.
443 3835 502 3869 cum
521 3820 602 3870 tantis
624 3818 824 3870 difficultatibus
851 3826 1035 3886 premerentur
1066 3824 1093 3868 et
1111 3817 1334 3884 aquaa'pennria

160 3933 164 3940 .
241 3889 404 3950 laborarent,
423 3889 518 3956 ingene
538 3890 629 3956 pluvia
648 3889 832 3960 decidit,·qua
849 3890 959 3940 recreati
975 3896 1038 3940 suut
1058 3897 1085 3938 et
1103 3887 1225 3938 homines
1242 3895 1269 3937 et
1287 3888 1333 3936 iu-

241 3970 341 4012 menta.
378 3977 410 4010 ea
428 3977 467 4011 res
486 3959 656 4010 admirationi
676 3960 809 4026 indigenis
830 3959 900 4021 fuit,
930 3959 1084 4009 dicentibus
1106 3973 1194 4026 neque
1213 3975 1261 4010 sna
1279 3974 1332 4008 ne·

243 4047 295 4102 que
312 4038 417 4098 patruni
437 4049 545 4082 suorum
565 4032 694 4082 memoria
714 4032 795 4083 talem
824 4031 941 4098 pluviam
960 4032 1042 4082 visam
1061 4046 1128 4080 esse.

312 4117 420 4168 Mortuo
441 4114 584 4170 Pacliomia
597 4117 805 4189 patriarchatum
820 4116 987 4186 Tbeoleptua
1005 4116 1120 4184 excepit,
1137 4114 1333 4166 loanuiuorurn
