2946 4830
206 250 209 259 '
252 252 331 332 οιο
554 246 559 256 ’
611 231 679 331 'nn
706 261 848 332 auus
871 233 980 330 nerei

251 427 297 504 εἰς
317 423 527 508 τὸνβασιλέα
554 427 699 512 nospsos
719 426 776 493 eei
795 419 1053 511 inconsiderans,
1066 419 1280 509 ’διηγούμενοι
1300 421 1364 488 κατ’

249 525 304 594 τάν
334 524 518 612 άφσνισμόν
549 529 606 612 τῆς
634 526 888 612 Δρυϊνυιιάλειυς.
939 515 1032 600 οὗτος
1058 526 1093 589 δὲ
1121 522 1223 608 ἐχάρη
1245 520 1361 604 πολλά,

250 623 299 694 ὅτι
322 628 503 714 εδρίσκοντο
524 631 571 704 εἰς
592 624 688 712 τόσην
708 626 874 710 εὐσέβειαν
895 630 951 690 καί
982 623 1114 709 άνδρδαν
1134 625 1190 709 τῆς
1211 621 1358 711 πίστεως,
1409 643 1420 660 ’

250 731 306 794 καὶ
324 732 539 810 μετακαλέσας
560 727 630 794 ἐκεῖ
647 725 701 794 τὸν
724 725 884 811 Ἀργυρόν
903 724 958 792 τὸν
977 723 1074 807 ἔκαμε
1094 727 1234 809 μεγάλας
1252 723 1358 810 χάρι-

156 835 160 844 ’
249 855 317 911 τας,
340 834 396 894 καὶ
416 829 472 895 τὸν
492 827 610 896 ἔδυσεν
625 827 779 913 δρισμούς
798 827 838 894 νά
852 829 988 915 κυβερνᾷ
1008 821 1067 892 tta
1088 824 1127 891 τά
1150 831 1232 912 με’ρη
1252 828 1387 892 τοῦτοῦ

250 927 491 1015 εάσεβοφρόυοις
521 929 576 994 καί
598 933 744 1012 δικαίοις,
768 933 823 994 καί
853 926 892 992 νά
925 931 1036 1015 στέλλῃ
1067 929 1113 1004 εἰς
1132 925 1168 992 τά
1191 929 1359 1010 βασιλειαν

251 1040 317 1096 κατ’
339 1026 405 1108 ἔτος
427 1033 554 1116 φλωρέσ
571 1027 722 1114 χιλιάδας
735 1027 843 1112 εἴκοσι,
865 1026 903 1095 τά
925 1031 961 1093 δὲ
982 1028 1076 1094 λοιπά
1100 1026 1140 1094 νά
1164 1027 1358 1114 φυλάττωσι

251 1132 306 1198 διά
327 1136 440 1215 χρείαν
461 1137 520 1198 rori
538 1134 637 1200 τδτιου
661 1131 832 1224 εἰςκαιρδν
847 1133 998 1212 πολέμου.
1040 1128 1079 1194 τά
1102 1131 1137 1194 δὲ
1155 1127 1358 1213 εἰσοδήμοτα

250 1235 307 1316 τῆς
328 1235 474 1310 Χαονιάς
502 1239 557 1298 καί
579 1235 819 1317 Δρυϊνοσάλεως
842 1231 901 1309 ’ἕως
930 1230 986 1316 τὴν
1010 1229 1199 1296 Τιτοάτιολιν
1216 1229 1358 1312 ἐγίνοντο

250 1334 381 1417 χρυσῶν
401 1331 546 1416 χιλιάδες
570 1331 764 1418 ὀγδοήκοντα
787 1333 857 1398 δύο.
903 1329 1005 1398 ἔκτισε
1025 1333 1060 1396 δὲ
1084 1330 1100 1394 δ
1122 1327 1287 1416 Ἀργυρᾶς
1307 1330 1359 1404 εἰς
1371 1332 1407 1386 1⁰

250 1430 285 1496 τό
304 1430 441 1518 κάστρον
462 1455 519 1498 του
542 1431 617 1498 ναὸν
636 1437 694 1499 τοῦ
715 1433 966 1520 παντοκράτορος
984 1435 1025 1513 μὲ
1047 1430 1213 1514 βασιλικόν
1228 1428 1360 1513 χρυσό-

251 1537 387 1616 βσυλλον
413 1537 469 1599 καί
494 1535 681 1618 χαρίσματα
712 1531 800 1618 παρά
831 1539 891 1599 sori
918 1535 1020 1600 ου’τοῦ
1049 1531 1207 1617 Τιβερίου.
1249 1527 1359 1596 ἔκτισε

252 1632 307 1698 καί
326 1627 420 1699 ditos
441 1632 519 1699 νοιόν
541 1629 596 1718 τῆς
618 1631 793 1721 διιεραγιός
815 1630 976 1702 doetrinae.

348 1734 522 1818 Ἐνιέρασαν
538 1737 573 1800 δὲ
595 1737 736 1820 εἰρηνικά
758 1737 818 1810 ἕως
834 1733 889 1800 τὸν
909 1732 1018 1819 καιρὸν
1031 1735 1275 1800 Κωνσταντένου
1297 1734 1359 1798 τοῦ

251 1831 476 1920 Ποιγιονάτου,
495 1833 564 1911 ἔτος
586 1836 686 1928 finis,
709 1834 771 1900 άπὸ
797 1839 833 1901 δὲ
854 1839 1000 1918 Χριστοῦ
1020 1833 1096 1918 χνέ.
1140 1824 1269 1909 adreci
1293 1839 1357 1916 deff
1373 1839 1406 1892 15
1440 1855 1449 1880 s

251 1931 368 2015 σιλεάς,
388 1934 526 2012 α’κοάσος
549 1928 597 2002 ὅτι
618 1936 814 2021 εὑρίσκονται
837 1937 959 2002 δώδεκα
980 1934 1159 2020 σκῆταιείς
1179 1936 1235 1998 τὸν
1256 1933 1360 2000 σάτον

253 2040 313 2100 τοῦ
332 2039 477 2120 Δρυϊνοῦ
496 2027 601 2124 ὅρους,
620 2033 739 2103 ἔστειλε
760 2035 814 2102 καὶ
834 2035 937 2103 ἔκτισε
956 2039 1032 2102 ναὸν
1044 2033 1155 2118 μικρὸν
1177 2037 1246 2116 μέν,
1270 2030 1360 2118 ὅμως

252 2135 354 2200 πολλοὶ
376 2137 505 2220 άραῖον,
526 2141 571 2213 εἰς
592 2137 649 2223 τὴν
669 2137 797 2225 ὑψηλὴν
816 2131 946 2224 τἰἑτραν,
967 2141 1099 2223 πλησίον
1117 2139 1179 2202 τάν
1200 2135 1359 2222 άσκητιάν,

253 2238 309 2300 καί
329 2237 460 2320 διώρισε
480 2237 670 2323 ’χαρίσματα
694 2241 794 2304 πολλά
808 2241 921 2306 τούτου
936 2241 995 2303 τοῦ
1017 2240 1105 2322 ναοῦ,
1125 2233 1168 2312 ὦς
1185 2236 1240 2302 τάν
1259 2236 1360 2302 τόπου

252 2339 309 2422 τῆς
332 2335 456 2423 Γάρδης
475 2342 515 2422 μὲ
537 2336 594 2424 τὴν
615 2344 802 2424 κλεισοῦραν
823 2343 878 2426 τῆς
898 2343 1026 2424 Ζωΐλης
1045 2341 1100 2404 καὶ
1119 2341 1173 2422 τῆς
1188 2339 1404 2422 Kourias-20

252 2438 394 2523 ἐσήκουσε
420 2440 528 2506 δὲκαὶ
548 2439 603 2526 τὴν
625 2439 801 2526 πανήγυριν
821 2441 879 2524 τὴν
897 2443 1062 2526 γινομένην
1080 2441 1124 2514 εἷς
1145 2437 1181 2503 τά
1197 2441 1361 2519 Πέλακον,

253 2544 308 2605 καί
326 2541 382 2627 τὴν
401 2547 574 2628 μετέφερεν
599 2541 644 2621 εἰς
661 2541 725 2626 ’τῆς
742 2546 885 2618 Χοονιάς
912 2540 948 2606 τὸ
968 2543 1082 2626 μέρος,
1114 2538 1170 2604 καί
1197 2537 1254 2622 τήν
1276 2537 1360 2604 οἶνό-

251 2665 335 2722 μασε
355 2639 585 2729 Πῳγωνιανήν.
627 2647 673 2722 εἰς
691 2643 806 2730 ταύτην
827 2642 994 2722 έσυνάζετο
1017 2647 1137 2728 πλῆθος
1158 2637 1361 2725 ἀνθρώπων,

254 2744 309 2807 καί
324 2740 448 2828 διήρκει
469 2740 524 2810 ἕνα
545 2747 641 2830 μῆνα.

254 2929 396 2985 interitum
416 2933 594 3003 Drynopoiis.
633 2933 679 2984 hic
698 2941 788 2986 eutem
806 2949 972 3002 magnopere
992 2931 1096 2999 gavisus
1115 2937 1170 2994 est,
1191 2929 1256 2999 quia
1273 2945 1358 3000 repe-

254 3003 396 3056 riebantur
414 3013 489 3056 tanta
508 3006 610 3073 pietate
630 3013 658 3056 et
677 3004 841 3057 fortitudine
861 3004 923 3056 fidei
942 3002 1078 3073 praediti,
1104 3011 1131 3054 et
1160 3002 1285 3052 arcessito
1303 3005 1357 3052 Ar-

254 3089 319 3140 gyra
337 3092 448 3144 magnos
468 3075 566 3127 tribuit
584 3077 722 3138 honores,
744 3077 824 3146 eique
842 3076 996 3144 imperavit,
1019 3082 1150 3125 attotam
1172 3074 1242 3124 hanc
1261 3074 1356 3140 regio-

254 3161 316 3194 nem
336 3146 382 3214 pie
403 3154 431 3196 et
450 3147 520 3197 iuste
540 3146 721 3214 gubernaret,
743 3155 770 3198 et
790 3155 819 3199 ut
837 3147 871 3197 ad
892 3145 1048 3198 thesaurum
1067 3146 1170 3214 regium
1191 3159 1262 3195 anno
1280 3161 1356 3195 uno-

255 3231 367 3285 quoque
386 3232 529 3268 aureorum
550 3217 644 3285 viginti
664 3219 740 3270 milia
759 3216 895 3282 adferret,
921 3226 1010 3270 cetera
1031 3224 1121 3268 autem
1143 3224 1254 3284 propter
1274 3233 1355 3266 usum

230 3341 234 3346 ,
254 3284 310 3336 1οεί
329 3285 364 3337 ad
382 3295 489 3358 tempus
506 3288 574 3339 beili
595 3298 721 3342 servaret.
759 3289 909 3358 Vectigalia
927 3297 1018 3341 autem
1039 3288 1176 3340 Chaoniae
1195 3295 1223 3338 et
1244 3287 1358 3353 Dryne-

151 3377 154 3384 ·
255 3357 328 3425 polis
348 3374 434 3430 usque
456 3359 489 3410 ad
507 3361 658 3430 Titopoli'rn
681 3370 758 3414 erant
777 3379 919 3414 aureorum
942 3361 1078 3429 octoginta
1098 3359 1152 3410 duo
1177 3358 1262 3410 milia.
1303 3361 1357 3409 Ar·
1459 3363 1460 3370 ’

255 3429 335 3496 gyrus
356 3429 518 3482 inscasteiio
537 3449 586 3484 suo
605 3433 735 3502 templum
749 3435 944 3503 omnipotentis
967 3430 1195 3502 (pantokratoris)
1215 3428 1357 3496 condidit,

255 3499 364 3551 adiutus
384 3504 453 3569 regis
472 3519 552 3554 aurea
571 3503 647 3554 buiie
668 3513 696 3556 et
714 3504 793 3558 donis
812 3503 846 3555 ab
865 3503 962 3556 eodem
980 3504 1094 3556 Tiberio
1114 3503 1258 3555 concessis.
1285 3517 1357 3554 con·
1458 3527 1459 3534 τ

256 3570 327 3623 didit
345 3573 425 3624 etiam
443 3574 518 3624 aliud
535 3575 667 3644 templum
687 3577 871 3628 sanctissimae
890 3575 934 3627 dei
953 3576 1053 3628 metris.

355 3644 385 3694 In
406 3662 471 3712 pace
492 3645 623 3714 degerunt
642 3663 727 3716 usque
746 3647 780 3698 ad
804 3655 910 3718 tempus
930 3646 1102 3699 Constantini
1124 3643 1270 3712 Pogonati,
1295 3643 1358 3696 sive
1458 3691 1459 3696 ,

255 3729 355 3765 annum
375 3713 459 3780 6135,
486 3735 514 3787 p.
530 3717 592 3768 Chr.
618 3733 645 3768 n.
664 3717 725 3769 655.
763 3719 807 3769 hic
832 3736 878 3770 rex
902 3735 961 3769 cerm
988 3716 1134 3770 audivisset
1156 3715 1302 3766 duodecim
1328 3717 1360 3768 in

254 3794 348 3838 moute
368 3789 460 3854 Dryno
480 3805 537 3840 esse
557 3789 779 3841 anachoretarum
799 3790 891 3850 celiae,
911 3789 1042 3860 quosdam
1061 3788 1141 3851 misit,
1161 3796 1189 3840 et
1209 3787 1359 3853 templum,

255 3874 367 3926 parvum
387 3859 507 3928 quidem,
525 3859 573 3910 sed
593 3860 673 3912 valde
693 3860 852 3930 pulchrum,
870 3863 899 3912 in
918 3862 974 3912 alta
995 3878 1076 3930 rupe,
1095 3875 1180 3930 prope
1200 3857 1359 3911 anachore-

255 3936 296 3978 tas
315 3929 447 3992 condidit,
468 3939 497 3982 et
514 3933 598 3982 muita
618 3930 698 3982 huius
718 3933 812 4002 templi
832 3931 903 3984 dona
921 3932 1074 3996 constituit,
1094 3939 1125 3982 ut
1145 3932 1233 3982 locum
1245 3929 1360 3983 Gardae
1457 3941 1458 3990 i

213 4013 216 4017 ·
256 4015 315 4058 cuns
336 4001 455 4052 Cleieura
474 4003 563 4056 Zoiiae
583 4011 610 4054 et
629 4003 786 4066 Chomeles,
816 4005 928 4056 sustulit
949 4005 1030 4056 etiam
1049 4001 1204 4066 nundinas,
1234 4004 1360 4071 quaein

255 4068 352 4122 Pelaco
373 4073 490 4139 fiebant,
517 4082 545 4126 et
565 4090 610 4125 eas
634 4075 662 4126 in
682 4075 821 4127 Chaoniae
848 4084 951 4147 partem
972 4075 1127 4139 transtulit,
1148 4090 1228 4144 quam
1247 4073 1361 4126 vocavit
1455 4081 1457 4084 '

256 4140 445 4206 Pogonianam,
465 4145 517 4197 huc
536 4144 676 4199 hominum
693 4146 844 4202 multitudo
863 4148 1005 4212 convenit,
1026 4155 1054 4200 et
1075 4144 1214 4200 nundinae
1232 4160 1360 4202 mensem
1456 4193 1457 4224 ρ

191 4273 195 4284 ,
256 4226 341 4268 unum
358 4211 530 4271 durnerunt
