2954 4816
241 353 242 356 c
261 277 331 352 tot
699 256 893 354 uisroum

257 435 359 519 τάφον
386 437 443 499 τοῦ
465 439 611 517 Χριστοῦ
639 437 853 520 ἐτιροσκάνησε
875 435 929 500 καί
956 433 1049 511 ὅλους
1075 437 1146 510 τούς
1166 435 1276 517 ἁγίους
1297 435 1356 498 τό·

256 557 344 612 αους,
363 533 419 597 κατ’
431 532 526 614 ἔλαβε
542 533 681 618 μεγάλην
695 533 810 619 χαράν,
832 535 915 598 ὄτιοῦ
929 536 1058 618 ἠξιώθη·
1070 537 1219 618 τοιαύτης
1239 536 1354 614 χαρᾶς.

255 632 284 696 οἱ
306 637 340 697 δὲ
362 635 501 716 κληρικοὶ
531 635 574 708 αἱς
594 628 696 717 ἦλθαν
715 635 760 708 εἰς
792 633 847 718 τήν
867 634 1007 717 μεγάλην
1029 636 1205 716 ἐκκλησίαν,
1228 631 1356 712 ἐμαδαν

254 736 335 805 τινὲς
355 738 418 796 τοῖν
435 735 617 814 ,α’ρχιερέων
639 732 674 797 τὸ
697 731 828 813 ἐλθιμον
848 734 965 806 αὐτῶν,
990 731 1071 796 duaci
1083 732 1355 814 ἐγάρησαν·σκαν-

256 833 441 909 δαλισμένοι
464 831 525 894 άπὸ
548 831 600 894 τὸν
614 830 826 916 πατριάρχην.
847 833 1094 912 ἐκαβαλίκευσαν
1115 835 1170 912 τῆς
1192 827 1278 911 ιδρας
1298 829 1357 892 καί
1364 835 1384 884 5

258 921 361 1008 ἦλθαν
382 931 427 1002 εἰς
449 928 483 992 τὸ
509 940 744 1011 τιατριαρχεῖον,
758 935 820 1006 Ικαι1
837 929 918 1010 μετά
939 935 1000 992 τῶν
1021 933 1177 1010 κληρικιδν
1197 933 1253 991 κατ’
1272 929 1354 1006 μετά

168 1095 170 1102 ,
255 1032 316 1092 ταῖν
338 1029 499 1109 α’ρχόντιον
521 1027 677 1109 ὁμιλησαν
698 1028 752 1091 καί
765 1032 999 1113 ἐσυμφώνιγσαν
1022 1024 1098 1090 κατά
1122 1031 1178 1092 τοῦ
1197 1025 1354 1106 πατριάρ-

256 1151 327 1210 χου,
351 1133 406 1192 κατ’
426 1125 559 1192 ου’νοδον
584 1127 705 1209 ε”καμαν
725 1128 762 1191 νά
777 1126 832 1189 τὸν
853 1128 1009 1207 ου’γάλουν
1032 1132 1066 1188 ἐκ
1086 1125 1139 1189 τὸν
1162 1147 1356 1207 πατριαρχι.

257 1225 312 1290 κδν
335 1224 459 1307 θρόνον.
503 1227 556 1290 καί
575 1225 647 1310 ἐτζη
678 1228 801 1309 διτῆγαν
819 1225 872 1288 καί
891 1223 1012 1304 ἐκαμαν
1044 1221 1233 1287 ἐπανεδασιν
1253 1225 1298 1295 εἰς
1319 1219 1355 1284 td

204 1413 205 1420 γ
256 1329 450 1409 χαράτζιον,
472 1331 597 1410 φλυαρία
622 1326 827 1390 πεντακόσια·
881 1324 936 1388 καί
965 1322 1069 1406 ἐγιναν
1100 1321 1180 1402 ὁμοῦ
1209 1321 1402 1404 χιλιάδεςλθ

257 1427 420 1503 τέσσαρες,
446 1425 525 1488 διότι
545 1434 626 1508 τρεῖς
659 1423 758 1507 ἥμισυ
779 1425 923 1504 χιλιάδες
946 1422 1072 1506 φλωρέα
1096 1416 1171 1504 ἦτον
1193 1419 1256 1483 αἀὁ
1279 1419 1356 1494 τούς

258 1523 404 1603 πρώτους
425 1525 634 1606 πατριάρχας,
654 1522 761 1596 καθώς
784 1523 1048 1606 φαίνεταιδτιέσω
1076 1519 1244 1603 ἐγγράφως
1265 1527 1356 1592 κοῖος
1390 1549 1399 1560 ·
1468 1527 1469 1584 3

259 1629 314 1685 κατ’
334 1633 422 1698 ποῖος
439 1623 534 1704 ἔκαμι
556 1620 757 1687 ἐτιανεάασιν.
809 1621 852 1696 ὠς
873 1625 908 1686 δὲ
932 1617 1051 1701 ἐκαμαν
1074 1619 1130 1703 τήν
1153 1617 1357 1693 ἐτιανούασιν,

260 1722 298 1786 τά
321 1723 510 1788 πεντακόσια
533 1727 670 1809 φλυαρία,
692 1719 721 1785 οἱ
743 1726 858 1803 ἐχθροί
877 1725 934 1786 τοῦ
956 1723 1055 1786 ου’τοῦ
1076 1725 1175 1803 κυροῦ
1189 1719 1356 1801 Ἱερεμίου,

260 1821 416 1887 ἐκάθισαν
445 1824 498 1886 ἐπὶ
519 1824 656 1887 συνόδου
687 1823 848 1904 ἀρχιερεῖς
878 1825 932 1884 καί
952 1815 1094 1904 κληρικοέ
1115 1823 1170 1882 κατ’
1189 1822 1271 1892 τινὲς
1294 1821 1401 1882 τῶν15

261 1919 421 2004 ἀρχόντων
446 1923 555 2006 ὀλίγοι,
578 1921 633 1984 κατ’
652 1920 705 1985 τὸν
728 1918 937 1997 Σωζοαόλεως
958 1915 1158 2002 πατριάρχην
1178 1915 1314 1996 ἔκλεξαν.

449 2203 453 2208 ,
500 2117 795 2183 ΙΩΑΝΝΙΚΙΟΝ
812 2111 866 2179 τδν
888 2113 1106 2226 ἱΣιοζοττάλευος.

359 2278 412 2354 Ὡς
441 2277 503 2363 γάρ
526 2276 652 2356 ἐκλεξαν
681 2281 806 2358 τοῦτον,
829 2279 862 2342 ἐν
893 2279 936 2364 τῷ
959 2273 1026 2357 δμα
1054 2280 1109 2340 καί
1131 2277 1207 2352 τούς
1225 2275 1359 2362 ψήφους

261 2375 392 2466 ἔκαμον,
413 2377 467 2442 κατ’
484 2377 518 2442 τό
539 2375 654 2460 μικρὸν
671 2377 803 2460 μήνυμα
835 2379 889 2440 κατ’
908 2375 1045 2458 τόμέγα
1065 2379 1127 2448 τοῦΙ
1144 2373 1282 2456 ἔδωκαν,
1304 2375 1361 2439 καὶ

262 2479 307 2552 εἰς
326 2479 382 2542 τὸν
403 2476 636 2561 αατριαρχικδν
657 2479 773 2562 θρόνον
785 2476 849 2541 τὸν
871 2477 1025 2542 ἐκάθισαν
1040 2473 1120 2556 μετά
1138 2477 1253 2558 πολλῆς
1273 2479 1399 2560 βίας,20

263 2777 387 2812 sconsum
405 2761 471 2828 tecit
491 2761 758 2830 Hierosolymamque
777 2761 847 2811 iniit.
887 2759 924 2810 ibi
944 2768 1065 2812 sanctum
1085 2759 1183 2812 Christi
1202 2760 1355 2828 sepulcrum

262 2832 384 2883 adoravit
402 2841 545 2900 ceteraque
564 2841 655 2883 sancta
674 2833 742 2894 loca,
762 2840 790 2882 et
809 2831 973 2898 singularem
994 2831 1158 2900 voluptatem
1179 2832 1261 2899 cepit,
1281 2831 1355 2900 quod

262 2911 337 2954 tanta
358 2903 445 2971 ipsum
464 2904 547 2968 grstia
564 2902 630 2954 deus
648 2903 774 2969 dignatus
792 2909 871 2952 esset.
909 2901 1044 2952 enimvero
1067 2902 1155 2952 clerici
1171 2910 1201 2950 ut
1219 2901 1356 2952 redierant

263 2974 296 3024 ad
317 2988 439 3040 maguam
459 2971 629 3035 ecclesiam‚'
647 2973 812 3023 resciverunt
841 2971 951 3041 quidam
980 2971 1013 3021 de
1042 2972 1213 3040 pontificibus
1239 2970 1356 3022 reditum

264 3060 370 3094 eorum:
403 3059 449 3092 eos
476 3051 587 3110 propter
613 3042 752 3092 dissidium
781 3057 840 3092 cum
862 3041 1012 3109 patriarcha
1041 3041 1162 3093 rediisse.
1201 3043 1355 3110 equitantes

263 3116 356 3179 itaque
378 3113 475 3163 eodem
499 3121 619 3179 tempore
638 3114 666 3162 iu
689 3111 884 3181 patriarcheum
903 3120 1050 3172 venerunt,
1068 3129 1127 3162 cum
1149 3113 1307 3180 clericisque
1328 3120 1356 3163 et

263 3181 427 3248 prirnoribus
452 3182 580 3232 collocuti
611 3179 735 3232 adversus
757 3183 933 3250 patriarcham
959 3183 1157 3249 conspirarunt,
1177 3191 1205 3233 et
1222 3181 1355 3248 synodum

227 3305 228 3309 ,
266 3252 325 3300 eius
344 3268 359 3302 e
377 3251 475 3302 throno
495 3251 620 3302 eiiciendi
641 3269 719 3302 causa
738 3252 897 3303 conflarunt.
934 3251 987 3303 hoc
1001 3255 1112 3304 consilio
1132 3261 1309 3321 perrexeruut
1329 3261 1357 3304 et

264 3323 444 3373 accessionem
465 3322 499 3373 ad
526 3324 656 3374 tributum
677 3323 815 3384 feceruut,
836 3341 931 3374 aureos
958 3325 1129 3392 quingentos,
1149 3325 1184 3374 ita
1204 3331 1234 3374 ut
1253 3340 1356 3373 summa

265 3399 324 3442 toto
337 3392 414 3444 fieret
428 3401 558 3463 quattuor
575 3394 691 3444 milium.
711 3403 788 3444 antea
803 3395 874 3444 enim
892 3393 944 3444 tria
962 3403 989 3444 et
1003 3393 1169 3444 dimidiatum
1189 3393 1355 3456 ducatorum,

266 3463 319 3512 iam
336 3463 430 3515 iudea
449 3465 539 3532 primis
560 3465 717 3534 patriarchis
737 3463 904 3533 pedetentim
921 3463 1102 3531 procedendo‚
1123 3465 1239 3525 fuerant,
1258 3481 1355 3532 quom-

266 3533 409 3585 admodum
430 3537 458 3586 in
479 3545 549 3586 retro
568 3536 673 3602 scriptis
694 3543 822 3602 apparet,
844 3537 954 3604 quinam
975 3535 1029 3584 alio
1050 3543 1133 3603 atque
1154 3535 1209 3584 alio
1232 3543 1354 3602 tempore

266 3603 503 3672 aruplificationem
528 3605 691 3656 induxerint.
729 3604 870 3656 additione
891 3605 999 3656 illorum
1027 3606 1236 3674 quingentorum
1255 3604 1288 3654 ab
1310 3605 1356 3654 in-

264 3675 350 3726 imicis
369 3677 520 3730 Hieremiae
540 3677 630 3736 sacta,
649 3674 852 3743 considentibus
872 3677 900 3726 in
921 3676 1036 3726 concilio
1057 3675 1232 3743 pontificibus
1252 3683 1280 3724 et
1298 3674 1354 3724 cle·

265 3747 327 3795 sicis
348 3761 378 3796 ac
396 3744 430 3794 de
448 3746 594 3798 nobilitate
612 3745 703 3814 paucis
721 3745 890 3815 quibusdam,
908 3745 1115 3814 Sozopolitanus
1137 3747 1237 3797 electus
1257 3753 1307 3795 est.

450 3905 505 3956 XX.
542 3907 568 3956 P.
588 3905 789 3958 totNNtctos.
807 3906 970 3976 sozopoleos
992 3907 1173 3975 metropolita.

339 4047 399 4099 Post
421 4049 581 4101 electionem
601 4049 680 4101 huius
706 4051 796 4102 statim
820 4049 854 4100 ad
881 4051 1100 4118 suffragationem
1122 4049 1189 4100 itum
1210 4055 1260 4108 est,
1284 4046 1355 4098 indi·

268 4115 393 4187 ctumque
418 4126 475 4171 tum
509 4121 596 4172 minus
622 4129 678 4173 tum
704 4121 788 4172 maius
818 4123 842 4172 ei
869 4119 977 4172 tactum.
1026 4129 1083 4171 tum
1102 4121 1130 4170 in
1150 4117 1356 4188 patriarchicum
