<?xml version="1.0" encoding="UTF-8"?>
<!DOCTYPE html PUBLIC "-//W3C//DTD XHTML 1.0 Transitional//EN"
    "http://www.w3.org/TR/xhtml1/DTD/xhtml1-transitional.dtd">
<html xmlns="http://www.w3.org/1999/xhtml" xml:lang="en" lang="en">
 <head>
  <title>
</title>
<meta http-equiv="Content-Type" content="text/html;charset=utf-8" />
  <meta name='ocr-system' content='tesseract 3.04.00' />
  <meta name='ocr-capabilities' content='ocr_page ocr_carea ocr_par ocr_line ocrx_word'/>
</head>
<body>
  <div class='ocr_page' id='page_1' title='image "./corpusscriptoru16niebgoog_0108.png"; bbox 0 0 2954 4816; ppageno 0'>
   <div class='ocr_carea' id='block_1_1' title="bbox 375 209 1253 334">
    <p class='ocr_par' dir='ltr' id='par_1_1' title="bbox 375 209 1253 334">
     <span class='ocr_line' id='line_1_1' title="bbox 375 209 1253 334; baseline 0.005 -16"><span class='ocrx_word' id='word_1_1' title='bbox 375 209 381 226; x_wconf 56' lang='lat'><strong><em>⁴</em></strong></span> <span class='ocrx_word' id='word_1_2' title='bbox 465 255 785 324; x_wconf 79' lang='lat' dir='ltr'>rsmrsncuvcs.</span> <span class='ocrx_word' id='word_1_3' title='bbox 1124 251 1173 325; x_wconf 79' lang='lat'>93</span> <span class='ocrx_word' id='word_1_4' title='bbox 1214 327 1217 334; x_wconf 23' lang='lat'><strong>⁴</strong></span> <span class='ocrx_word' id='word_1_5' title='bbox 1251 315 1253 322; x_wconf 89' lang='lat'><em>.</em></span> 
     </span>
    </p>
   </div>
   <div class='ocr_carea' id='block_1_2' title="bbox 25 398 1281 2080">
    <p class='ocr_par' dir='ltr' id='par_1_2' title="bbox 25 398 1281 2080">
     <span class='ocr_line' id='line_1_2' title="bbox 85 398 1174 494; baseline 0.006 -26"><span class='ocrx_word' id='word_1_6' title='bbox 85 403 210 486; x_wconf 87' lang='grc' dir='ltr'><strong><em>δνόματι</em></strong></span> <span class='ocrx_word' id='word_1_7' title='bbox 235 405 364 488; x_wconf 78' lang='grc' dir='ltr'><strong><em>Ἰησοῦ,</em></strong></span> <span class='ocrx_word' id='word_1_8' title='bbox 385 401 463 488; x_wconf 85' lang='grc' dir='ltr'>δπερ</span> <span class='ocrx_word' id='word_1_9' title='bbox 485 407 545 470; x_wconf 75' lang='lat' dir='ltr'>ode</span> <span class='ocrx_word' id='word_1_10' title='bbox 572 401 612 472; x_wconf 73' lang='lat' dir='ltr'>siv</span> <span class='ocrx_word' id='word_1_11' title='bbox 634 398 681 492; x_wconf 79' lang='grc' dir='ltr'><strong><em>η’ν,</em></strong></span> <span class='ocrx_word' id='word_1_12' title='bbox 703 411 734 474; x_wconf 80' lang='lat' dir='ltr'>ss’</span> <span class='ocrx_word' id='word_1_13' title='bbox 754 407 774 493; x_wconf 90' lang='grc' dir='ltr'><strong><em>ή</em></strong></span> <span class='ocrx_word' id='word_1_14' title='bbox 796 408 901 485; x_wconf 89' lang='grc' dir='ltr'><strong><em>πίστις</em></strong></span> <span class='ocrx_word' id='word_1_15' title='bbox 922 403 1003 494; x_wconf 68' lang='grc' dir='ltr'><strong><em>αὕτη</em></strong></span> <span class='ocrx_word' id='word_1_16' title='bbox 1024 403 1063 494; x_wconf 84' lang='grc' dir='ltr'><strong><em>ήν</em></strong></span> <span class='ocrx_word' id='word_1_17' title='bbox 1083 413 1174 482; x_wconf 69' lang='lat' dir='ltr'>dtas·</span> 
     </span>
     <span class='ocr_line' id='line_1_3' title="bbox 85 507 357 592; baseline -0.007 -22"><span class='ocrx_word' id='word_1_18' title='bbox 85 509 129 570; x_wconf 88' lang='grc' dir='ltr'><strong><em>τία</em></strong></span> <span class='ocrx_word' id='word_1_19' title='bbox 149 509 187 591; x_wconf 82' lang='grc' dir='ltr'>τῇ</span> <span class='ocrx_word' id='word_1_20' title='bbox 211 507 357 592; x_wconf 75' lang='grc' dir='ltr'><strong><em>ἀληθείᾳ.</em></strong></span> 
     </span>
     <span class='ocr_line' id='line_1_4' title="bbox 186 599 1174 693; baseline 0.009 -27"><span class='ocrx_word' id='word_1_21' title='bbox 186 602 240 668; x_wconf 85' lang='grc' dir='ltr'><strong><em>ιθ’.</em></strong></span> <span class='ocrx_word' id='word_1_22' title='bbox 275 599 343 670; x_wconf 86' lang='grc' dir='ltr'><strong><em>Ὅτι</em></strong></span> <span class='ocrx_word' id='word_1_23' title='bbox 370 599 431 668; x_wconf 74' lang='lat' dir='ltr'>dors</span> <span class='ocrx_word' id='word_1_24' title='bbox 460 607 584 686; x_wconf 72' lang='grc' dir='ltr'><strong><em>λέγουσι</em></strong></span> <span class='ocrx_word' id='word_1_25' title='bbox 605 611 687 683; x_wconf 78' lang='grc' dir='ltr'><strong><em>τινὲς</em></strong></span> <span class='ocrx_word' id='word_1_26' title='bbox 707 606 787 672; x_wconf 79' lang='grc' dir='ltr'><strong><em>κατὰ</em></strong></span> <span class='ocrx_word' id='word_1_27' title='bbox 821 611 875 692; x_wconf 85' lang='grc' dir='ltr'><strong><em>ιής</em></strong></span> <span class='ocrx_word' id='word_1_28' title='bbox 896 611 1029 684; x_wconf 84' lang='grc' dir='ltr'><strong><em>πίδτιως</em></strong></span> <span class='ocrx_word' id='word_1_29' title='bbox 1048 605 1174 693; x_wconf 75' lang='grc' dir='ltr'><strong><em>ταύτης,</em></strong></span> 
     </span>
     <span class='ocr_line' id='line_1_5' title="bbox 25 701 756 788; baseline 0.003 -20"><span class='ocrx_word' id='word_1_30' title='bbox 25 707 26 716; x_wconf 72' lang='grc'>’</span> <span class='ocrx_word' id='word_1_31' title='bbox 87 703 251 784; x_wconf 80' lang='grc' dir='ltr'><strong><em>δυνάμεθα</em></strong></span> <span class='ocrx_word' id='word_1_32' title='bbox 272 703 360 766; x_wconf 75' lang='grc' dir='ltr'><strong><em>λύειν</em></strong></span> <span class='ocrx_word' id='word_1_33' title='bbox 378 702 514 778; x_wconf 64' lang='lat' dir='ltr'>adsedisse</span> <span class='ocrx_word' id='word_1_34' title='bbox 535 703 590 768; x_wconf 85' lang='grc' dir='ltr'><strong><em>καί</em></strong></span> <span class='ocrx_word' id='word_1_35' title='bbox 609 701 756 788; x_wconf 70' lang='grc' dir='ltr'><strong><em>εὐλόγοις.</em></strong></span> 
     </span>
     <span class='ocr_line' id='line_1_6' title="bbox 25 795 1175 890; baseline 0.002 -24"><span class='ocrx_word' id='word_1_36' title='bbox 25 829 26 832; x_wconf 66' lang='grc'>’</span> <span class='ocrx_word' id='word_1_37' title='bbox 66 803 79 854; x_wconf 82' lang='lat'>5</span> <span class='ocrx_word' id='word_1_38' title='bbox 165 798 204 866; x_wconf 84' lang='grc' dir='ltr'><strong><em>ν’.</em></strong></span> <span class='ocrx_word' id='word_1_39' title='bbox 239 795 309 866; x_wconf 83' lang='grc' dir='ltr'><strong><em>Ὅτι</em></strong></span> <span class='ocrx_word' id='word_1_40' title='bbox 334 804 372 888; x_wconf 65' lang='lat' dir='ltr'>spi</span> <span class='ocrx_word' id='word_1_41' title='bbox 395 802 498 865; x_wconf 85' lang='grc' dir='ltr'><strong><em>πίστει</em></strong></span> <span class='ocrx_word' id='word_1_42' title='bbox 521 800 617 889; x_wconf 67' lang='grc' dir='ltr'><strong><em>ταύτῃ</em></strong></span> <span class='ocrx_word' id='word_1_43' title='bbox 638 801 835 890; x_wconf 76' lang='grc' dir='ltr'><strong><em>ἐπολέμησαν</em></strong></span> <span class='ocrx_word' id='word_1_44' title='bbox 858 804 911 868; x_wconf 79' lang='grc' dir='ltr'><strong><em>διὰ</em></strong></span> <span class='ocrx_word' id='word_1_45' title='bbox 935 809 1056 868; x_wconf 76' lang='grc' dir='ltr'><strong><em>πολλῶν</em></strong></span> <span class='ocrx_word' id='word_1_46' title='bbox 1076 828 1175 883; x_wconf 75' lang='grc' dir='ltr'><strong><em>τιμον·</em></strong></span> 
     </span>
     <span class='ocr_line' id='line_1_7' title="bbox 86 897 1176 984; baseline 0.004 -22"><span class='ocrx_word' id='word_1_47' title='bbox 86 907 159 983; x_wconf 80' lang='grc' dir='ltr'><strong><em>ριιὸν</em></strong></span> <span class='ocrx_word' id='word_1_48' title='bbox 184 903 241 964; x_wconf 83' lang='grc' dir='ltr'><strong><em>καί</em></strong></span> <span class='ocrx_word' id='word_1_49' title='bbox 268 901 375 984; x_wconf 82' lang='grc' dir='ltr'><strong><em>φόνιον</em></strong></span> <span class='ocrx_word' id='word_1_50' title='bbox 399 897 428 964; x_wconf 82' lang='grc' dir='ltr'><strong><em>οἱ</em></strong></span> <span class='ocrx_word' id='word_1_51' title='bbox 455 905 598 982; x_wconf 78' lang='grc' dir='ltr'><strong><em>βασιλεῖς</em></strong></span> <span class='ocrx_word' id='word_1_52' title='bbox 624 901 697 966; x_wconf 78' lang='grc' dir='ltr'><strong><em>τότε</em></strong></span> <span class='ocrx_word' id='word_1_53' title='bbox 723 903 778 966; x_wconf 84' lang='grc' dir='ltr'><strong><em>καί</em></strong></span> <span class='ocrx_word' id='word_1_54' title='bbox 798 901 827 968; x_wconf 80' lang='lat' dir='ltr'>oi</span> <span class='ocrx_word' id='word_1_55' title='bbox 856 901 992 984; x_wconf 76' lang='grc' dir='ltr'><strong><em>ἔπαρχοι</em></strong></span> <span class='ocrx_word' id='word_1_56' title='bbox 1014 905 1118 966; x_wconf 81' lang='grc' dir='ltr'><strong><em>ον’τῶν</em></strong></span> <span class='ocrx_word' id='word_1_57' title='bbox 1141 904 1176 966; x_wconf 76' lang='grc' dir='ltr'><strong><em>ἐν</em></strong></span> 
     </span>
     <span class='ocr_line' id='line_1_8' title="bbox 84 997 1176 1088; baseline 0.002 -24"><span class='ocrx_word' id='word_1_58' title='bbox 84 1006 120 1088; x_wconf 77' lang='grc' dir='ltr'>τῇ</span> <span class='ocrx_word' id='word_1_59' title='bbox 140 1004 307 1086; x_wconf 76' lang='grc' dir='ltr'><strong><em>οἰκουμένη</em></strong></span> <span class='ocrx_word' id='word_1_60' title='bbox 329 999 387 1083; x_wconf 84' lang='grc' dir='ltr'><strong><em>τιή</em></strong></span> <span class='ocrx_word' id='word_1_61' title='bbox 419 997 565 1084; x_wconf 83' lang='grc' dir='ltr'><strong><em>χρόνους,</em></strong></span> <span class='ocrx_word' id='word_1_62' title='bbox 585 1004 735 1066; x_wconf 66' lang='lat' dir='ltr'>nessaeo</span> <span class='ocrx_word' id='word_1_63' title='bbox 760 997 846 1076; x_wconf 85' lang='grc' dir='ltr'><strong><em>ὄντες</em></strong></span> <span class='ocrx_word' id='word_1_64' title='bbox 865 1009 918 1066; x_wconf 83' lang='grc' dir='ltr'><strong><em>καί</em></strong></span> <span class='ocrx_word' id='word_1_65' title='bbox 939 999 1176 1084; x_wconf 75' lang='grc' dir='ltr'>εἰδωλολάτραι,</span> 
     </span>
     <span class='ocr_line' id='line_1_9' title="bbox 84 1099 1177 1185; baseline 0 -21"><span class='ocrx_word' id='word_1_66' title='bbox 84 1105 133 1164; x_wconf 79' lang='grc' dir='ltr'><strong><em>κατ’</em></strong></span> <span class='ocrx_word' id='word_1_67' title='bbox 158 1101 254 1168; x_wconf 71' lang='grc' dir='ltr'><strong><em>οὐδὲν</em></strong></span> <span class='ocrx_word' id='word_1_68' title='bbox 273 1099 419 1184; x_wconf 83' lang='grc' dir='ltr'><strong><em>ἴσχυσαν,</em></strong></span> <span class='ocrx_word' id='word_1_69' title='bbox 445 1099 526 1162; x_wconf 77' lang='grc' dir='ltr'><strong><em>ἀλλὰ</em></strong></span> <span class='ocrx_word' id='word_1_70' title='bbox 549 1104 688 1185; x_wconf 77' lang='grc' dir='ltr'>ἐνίκησεν</span> <span class='ocrx_word' id='word_1_71' title='bbox 713 1099 731 1184; x_wconf 87' lang='grc' dir='ltr'><strong><em>ή</em></strong></span> <span class='ocrx_word' id='word_1_72' title='bbox 753 1107 867 1181; x_wconf 87' lang='grc' dir='ltr'><strong><em>πίστις,</em></strong></span> <span class='ocrx_word' id='word_1_73' title='bbox 888 1105 943 1166; x_wconf 83' lang='grc' dir='ltr'><strong><em>καί</em></strong></span> <span class='ocrx_word' id='word_1_74' title='bbox 962 1104 1103 1182; x_wconf 78' lang='grc' dir='ltr'><strong><em>διαμένει</em></strong></span> <span class='ocrx_word' id='word_1_75' title='bbox 1120 1105 1177 1182; x_wconf 79' lang='grc' dir='ltr'>μέ-</span> 
     </span>
     <span class='ocr_line' id='line_1_10' title="bbox 84 1193 1176 1282; baseline 0.005 -23"><span class='ocrx_word' id='word_1_76' title='bbox 84 1223 135 1280; x_wconf 79' lang='grc' dir='ltr'><strong><em>χρι</em></strong></span> <span class='ocrx_word' id='word_1_77' title='bbox 156 1202 216 1262; x_wconf 83' lang='lat' dir='ltr'>sori</span> <span class='ocrx_word' id='word_1_78' title='bbox 239 1201 304 1276; x_wconf 81' lang='grc' dir='ltr'><strong><em>νῦν,</em></strong></span> <span class='ocrx_word' id='word_1_79' title='bbox 325 1201 378 1262; x_wconf 84' lang='grc' dir='ltr'><strong><em>καί</em></strong></span> <span class='ocrx_word' id='word_1_80' title='bbox 397 1195 500 1262; x_wconf 81' lang='grc' dir='ltr'><strong><em>ἐλθοδν</em></strong></span> <span class='ocrx_word' id='word_1_81' title='bbox 523 1193 538 1260; x_wconf 81' lang='lat' dir='ltr'>si</span> <span class='ocrx_word' id='word_1_82' title='bbox 562 1200 671 1282; x_wconf 78' lang='grc' dir='ltr'><strong><em>κύριος</em></strong></span> <span class='ocrx_word' id='word_1_83' title='bbox 699 1201 828 1282; x_wconf 71' lang='grc' dir='ltr'><strong><em>εὑρήσει</em></strong></span> <span class='ocrx_word' id='word_1_84' title='bbox 852 1197 963 1282; x_wconf 81' lang='grc' dir='ltr'><strong><em>οίτήυ.</em></strong></span> <span class='ocrx_word' id='word_1_85' title='bbox 1006 1201 1061 1263; x_wconf 77' lang='grc' dir='ltr'><strong><em>καί</em></strong></span> <span class='ocrx_word' id='word_1_86' title='bbox 1079 1202 1110 1264; x_wconf 84' lang='grc' dir='ltr'>τί</span> <span class='ocrx_word' id='word_1_87' title='bbox 1128 1197 1176 1281; x_wconf 85' lang='grc' dir='ltr'>μή</span> 
     </span>
     <span class='ocr_line' id='line_1_11' title="bbox 53 1291 1175 1383; baseline 0 -25"><span class='ocrx_word' id='word_1_88' title='bbox 53 1291 118 1378; x_wconf 81' lang='grc' dir='ltr'><strong><em>ιοήν</em></strong></span> <span class='ocrx_word' id='word_1_89' title='bbox 137 1297 155 1380; x_wconf 88' lang='grc' dir='ltr'><strong><em>ή</em></strong></span> <span class='ocrx_word' id='word_1_90' title='bbox 177 1301 282 1370; x_wconf 79' lang='grc' dir='ltr'><strong><em>πίστις</em></strong></span> <span class='ocrx_word' id='word_1_91' title='bbox 304 1293 385 1381; x_wconf 74' lang='grc' dir='ltr'><strong><em>αὕτη</em></strong></span> <span class='ocrx_word' id='word_1_92' title='bbox 409 1298 444 1360; x_wconf 84' lang='grc' dir='ltr'>εἰι</span> <span class='ocrx_word' id='word_1_93' title='bbox 465 1296 643 1380; x_wconf 76' lang='grc' dir='ltr'><strong><em>θελήματος</em></strong></span> <span class='ocrx_word' id='word_1_94' title='bbox 664 1303 751 1383; x_wconf 80' lang='grc' dir='ltr'><strong><em>θεοῦ,</em></strong></span> <span class='ocrx_word' id='word_1_95' title='bbox 774 1295 907 1383; x_wconf 74' lang='grc' dir='ltr'><strong><em>διελύθη</em></strong></span> <span class='ocrx_word' id='word_1_96' title='bbox 929 1292 969 1364; x_wconf 80' lang='lat' dir='ltr'>aiv</span> <span class='ocrx_word' id='word_1_97' title='bbox 988 1297 1059 1364; x_wconf 79' lang='lat' dir='ltr'>avire</span> <span class='ocrx_word' id='word_1_98' title='bbox 1082 1295 1175 1362; x_wconf 76' lang='lat' dir='ltr'>seinvi-</span> 
     </span>
     <span class='ocr_line' id='line_1_12' title="bbox 85 1395 1090 1488; baseline 0.002 -28"><span class='ocrx_word' id='word_1_99' title='bbox 85 1404 151 1472; x_wconf 90' lang='grc' dir='ltr'><strong><em>λαις.</em></strong></span> <span class='ocrx_word' id='word_1_100' title='bbox 196 1396 286 1482; x_wconf 73' lang='grc' dir='ltr'><strong><em>αὐτῷ</em></strong></span> <span class='ocrx_word' id='word_1_101' title='bbox 307 1397 352 1484; x_wconf 74' lang='grc' dir='ltr'>τῷ</span> <span class='ocrx_word' id='word_1_102' title='bbox 373 1397 471 1484; x_wconf 82' lang='grc' dir='ltr'><strong><em>ιιορίρι</em></strong></span> <span class='ocrx_word' id='word_1_103' title='bbox 495 1395 585 1478; x_wconf 80' lang='grc' dir='ltr'><strong><em>ήμῶν</em></strong></span> <span class='ocrx_word' id='word_1_104' title='bbox 602 1398 706 1483; x_wconf 80' lang='grc' dir='ltr'><strong><em>Ἰησοῦ</em></strong></span> <span class='ocrx_word' id='word_1_105' title='bbox 726 1402 856 1488; x_wconf 76' lang='grc' dir='ltr'><strong><em>Χριστῷ</em></strong></span> <span class='ocrx_word' id='word_1_106' title='bbox 879 1400 965 1478; x_wconf 81' lang='grc' dir='ltr'><strong><em>δόξα.</em></strong></span> <span class='ocrx_word' id='word_1_107' title='bbox 995 1399 1090 1484; x_wconf 82' lang='grc' dir='ltr'><strong><em>α’μήν.</em></strong></span> 
     </span>
     <span class='ocr_line' id='line_1_13' title="bbox 159 1493 1269 1582; baseline 0.007 -22"><span class='ocrx_word' id='word_1_108' title='bbox 159 1493 197 1560; x_wconf 90' lang='grc' dir='ltr'>Ὁ</span> <span class='ocrx_word' id='word_1_109' title='bbox 217 1497 253 1560; x_wconf 80' lang='grc' dir='ltr'>δὲ</span> <span class='ocrx_word' id='word_1_110' title='bbox 275 1493 444 1572; x_wconf 79' lang='grc' dir='ltr'><strong><em>σουλτιίνος</em></strong></span> <span class='ocrx_word' id='word_1_111' title='bbox 475 1495 615 1572; x_wconf 74' lang='grc' dir='ltr'><strong><em>ἀκούσας</em></strong></span> <span class='ocrx_word' id='word_1_112' title='bbox 646 1503 747 1563; x_wconf 71' lang='grc' dir='ltr'><strong><em>ταῦτα</em></strong></span> <span class='ocrx_word' id='word_1_113' title='bbox 773 1504 831 1563; x_wconf 80' lang='grc' dir='ltr'><strong><em>τοῦ</em></strong></span> <span class='ocrx_word' id='word_1_114' title='bbox 852 1496 1068 1582; x_wconf 76' lang='grc' dir='ltr'>πατριάρχου,</span> <span class='ocrx_word' id='word_1_115' title='bbox 1093 1495 1236 1582; x_wconf 75' lang='grc' dir='ltr'>δπερ119</span> <span class='ocrx_word' id='word_1_116' title='bbox 1266 1551 1269 1568; x_wconf 91' lang='grc'><strong><em>.</em></strong></span> 
     </span>
     <span class='ocr_line' id='line_1_14' title="bbox 85 1585 1175 1683; baseline 0.006 -25"><span class='ocrx_word' id='word_1_117' title='bbox 85 1593 247 1681; x_wconf 75' lang='grc' dir='ltr'>ἐγγράφως</span> <span class='ocrx_word' id='word_1_118' title='bbox 275 1599 333 1660; x_wconf 83' lang='grc' dir='ltr'><strong><em>τοῦ</em></strong></span> <span class='ocrx_word' id='word_1_119' title='bbox 360 1593 476 1680; x_wconf 79' lang='grc' dir='ltr'><strong><em>ἔδωκε,</em></strong></span> <span class='ocrx_word' id='word_1_120' title='bbox 498 1597 665 1678; x_wconf 78' lang='grc' dir='ltr'><strong><em>ἐθαύμασε</em></strong></span> <span class='ocrx_word' id='word_1_121' title='bbox 687 1585 830 1680; x_wconf 62' lang='lat' dir='ltr'>percitus</span> <span class='ocrx_word' id='word_1_122' title='bbox 863 1602 907 1674; x_wconf 78' lang='grc' dir='ltr'>εἰς</span> <span class='ocrx_word' id='word_1_123' title='bbox 931 1599 987 1683; x_wconf 89' lang='grc' dir='ltr'><strong><em>τήν</em></strong></span> <span class='ocrx_word' id='word_1_124' title='bbox 1010 1601 1175 1682; x_wconf 75' lang='grc' dir='ltr'><strong><em>θεολογίαν</em></strong></span> 
     </span>
     <span class='ocr_line' id='line_1_15' title="bbox 86 1693 1176 1784; baseline 0.004 -24"><span class='ocrx_word' id='word_1_125' title='bbox 86 1697 136 1760; x_wconf 86' lang='grc' dir='ltr'><strong><em>καί</em></strong></span> <span class='ocrx_word' id='word_1_126' title='bbox 155 1700 275 1780; x_wconf 83' lang='grc' dir='ltr'><strong><em>σοφίαν</em></strong></span> <span class='ocrx_word' id='word_1_127' title='bbox 307 1697 417 1776; x_wconf 72' lang='lat' dir='ltr'>odessi,</span> <span class='ocrx_word' id='word_1_128' title='bbox 445 1696 500 1762; x_wconf 81' lang='grc' dir='ltr'><strong><em>καί</em></strong></span> <span class='ocrx_word' id='word_1_129' title='bbox 529 1700 775 1784; x_wconf 81' lang='grc' dir='ltr'><strong><em>ἐπληροφορήθη</em></strong></span> <span class='ocrx_word' id='word_1_130' title='bbox 810 1699 867 1783; x_wconf 86' lang='grc' dir='ltr'><strong><em>τήν</em></strong></span> <span class='ocrx_word' id='word_1_131' title='bbox 898 1703 1002 1764; x_wconf 81' lang='grc' dir='ltr'><strong><em>πᾶσαν</em></strong></span> <span class='ocrx_word' id='word_1_132' title='bbox 1023 1693 1176 1783; x_wconf 70' lang='grc' dir='ltr'><strong><em>ἀλήθειαν</em></strong></span> 
     </span>
     <span class='ocr_line' id='line_1_16' title="bbox 54 1791 1281 1880; baseline 0.001 -20"><span class='ocrx_word' id='word_1_133' title='bbox 54 1795 157 1878; x_wconf 75' lang='grc' dir='ltr'><strong><em>ιδπερὶ</em></strong></span> <span class='ocrx_word' id='word_1_134' title='bbox 176 1799 230 1878; x_wconf 81' lang='grc' dir='ltr'>τῆς</span> <span class='ocrx_word' id='word_1_135' title='bbox 252 1798 386 1870; x_wconf 84' lang='grc' dir='ltr'><strong><em>πίστεως</em></strong></span> <span class='ocrx_word' id='word_1_136' title='bbox 407 1800 470 1860; x_wconf 81' lang='grc' dir='ltr'><strong><em>ταῑν</em></strong></span> <span class='ocrx_word' id='word_1_137' title='bbox 492 1799 714 1877; x_wconf 75' lang='grc' dir='ltr'>Χριστιανῶν,</span> <span class='ocrx_word' id='word_1_138' title='bbox 733 1793 781 1862; x_wconf 78' lang='grc' dir='ltr'><strong><em>ὅτι</em></strong></span> <span class='ocrx_word' id='word_1_139' title='bbox 804 1794 873 1861; x_wconf 78' lang='grc' dir='ltr'><strong><em>ἔναι</em></strong></span> <span class='ocrx_word' id='word_1_140' title='bbox 895 1791 1042 1880; x_wconf 69' lang='grc' dir='ltr'><strong><em>ἀληθινή,</em></strong></span> <span class='ocrx_word' id='word_1_141' title='bbox 1062 1799 1117 1860; x_wconf 81' lang='grc' dir='ltr'>ναί</span> <span class='ocrx_word' id='word_1_142' title='bbox 1135 1795 1174 1861; x_wconf 85' lang='lat' dir='ltr'>roi</span> <span class='ocrx_word' id='word_1_143' title='bbox 1275 1833 1281 1846; x_wconf 58' lang='grc' dir='ltr'><strong><em>ι</em></strong></span> 
     </span>
     <span class='ocr_line' id='line_1_17' title="bbox 86 1893 1179 1978; baseline 0.001 -20"><span class='ocrx_word' id='word_1_144' title='bbox 86 1899 243 1978; x_wconf 76' lang='grc' dir='ltr'>μυστήρια</span> <span class='ocrx_word' id='word_1_145' title='bbox 262 1897 319 1978; x_wconf 86' lang='grc' dir='ltr'>τής</span> <span class='ocrx_word' id='word_1_146' title='bbox 339 1893 474 1968; x_wconf 85' lang='grc' dir='ltr'><strong><em>πίστεως</em></strong></span> <span class='ocrx_word' id='word_1_147' title='bbox 495 1894 600 1958; x_wconf 72' lang='grc' dir='ltr'><strong><em>αὐτῶν</em></strong></span> <span class='ocrx_word' id='word_1_148' title='bbox 621 1894 758 1978; x_wconf 75' lang='grc' dir='ltr'><strong><em>οἷληθινὰ</em></strong></span> <span class='ocrx_word' id='word_1_149' title='bbox 781 1899 838 1960; x_wconf 80' lang='grc' dir='ltr'><strong><em>καί</em></strong></span> <span class='ocrx_word' id='word_1_150' title='bbox 856 1895 1101 1978; x_wconf 69' lang='grc' dir='ltr'><strong><em>θαυματουργοὶ,</em></strong></span> <span class='ocrx_word' id='word_1_151' title='bbox 1124 1893 1179 1959; x_wconf 83' lang='grc' dir='ltr'>ναί</span> 
     </span>
     <span class='ocr_line' id='line_1_18' title="bbox 88 1991 1177 2080; baseline 0.001 -23"><span class='ocrx_word' id='word_1_152' title='bbox 88 1999 197 2060; x_wconf 80' lang='grc' dir='ltr'><strong><em>ιανένα</em></strong></span> <span class='ocrx_word' id='word_1_153' title='bbox 216 1993 308 2070; x_wconf 87' lang='grc' dir='ltr'><strong><em>δόλος</em></strong></span> <span class='ocrx_word' id='word_1_154' title='bbox 327 1997 381 2060; x_wconf 73' lang='lat' dir='ltr'>sss</span> <span class='ocrx_word' id='word_1_155' title='bbox 397 1991 466 2058; x_wconf 79' lang='grc' dir='ltr'><strong><em>ἔναι</em></strong></span> <span class='ocrx_word' id='word_1_156' title='bbox 485 1997 530 2070; x_wconf 80' lang='grc' dir='ltr'>εἰς</span> <span class='ocrx_word' id='word_1_157' title='bbox 548 1991 643 2074; x_wconf 76' lang='lat' dir='ltr'>adrui,</span> <span class='ocrx_word' id='word_1_158' title='bbox 664 1993 731 2080; x_wconf 81' lang='grc' dir='ltr'><strong><em>οἰμή</em></strong></span> <span class='ocrx_word' id='word_1_159' title='bbox 754 1996 879 2080; x_wconf 74' lang='grc' dir='ltr'><strong><em>καθαρὰ</em></strong></span> <span class='ocrx_word' id='word_1_160' title='bbox 896 1997 951 2060; x_wconf 83' lang='grc' dir='ltr'>ναί</span> <span class='ocrx_word' id='word_1_161' title='bbox 971 1993 1177 2078; x_wconf 80' lang='grc' dir='ltr'><strong><em>λαμπρότερα</em></strong></span> 
     </span>
    </p>
   </div>
   <div class='ocr_carea' id='block_1_3' title="bbox 153 2125 1177 2308">
    <p class='ocr_par' dir='ltr' id='par_1_3' title="bbox 153 2125 1177 2308">
     <span class='ocr_line' id='line_1_19' title="bbox 153 2125 1177 2220; baseline 0.001 -24"><span class='ocrx_word' id='word_1_162' title='bbox 153 2147 177 2196; x_wconf 85' lang='grc'>1.</span> <span class='ocrx_word' id='word_1_163' title='bbox 200 2145 237 2200; x_wconf 78' lang='grc' dir='ltr'><strong><em>ἂν</em></strong></span> <span class='ocrx_word' id='word_1_164' title='bbox 258 2139 301 2212; x_wconf 78' lang='grc' dir='ltr'><strong><em>ἦν]</em></strong></span> <span class='ocrx_word' id='word_1_165' title='bbox 328 2142 365 2201; x_wconf 78' lang='grc' dir='ltr'><strong><em>δν</em></strong></span> <span class='ocrx_word' id='word_1_166' title='bbox 390 2149 430 2210; x_wconf 72' lang='grc' dir='ltr'>εἴη</span> <span class='ocrx_word' id='word_1_167' title='bbox 457 2147 475 2198; x_wconf 87' lang='grc' dir='ltr'>Ρ</span> <span class='ocrx_word' id='word_1_168' title='bbox 524 2125 530 2136; x_wconf 55' lang='grc'><strong>’</strong></span> <span class='ocrx_word' id='word_1_169' title='bbox 582 2147 606 2198; x_wconf 86' lang='grc'>5.</span> <span class='ocrx_word' id='word_1_170' title='bbox 628 2143 671 2200; x_wconf 80' lang='grc' dir='ltr'><strong><em>ὅτι</em></strong></span> <span class='ocrx_word' id='word_1_171' title='bbox 696 2145 824 2211; x_wconf 80' lang='grc' dir='ltr'><strong><em>ἧπίστις</em></strong></span> <span class='ocrx_word' id='word_1_172' title='bbox 848 2145 915 2214; x_wconf 78' lang='grc' dir='ltr'><strong><em>αὕτη</em></strong></span> <span class='ocrx_word' id='word_1_173' title='bbox 940 2147 1099 2220; x_wconf 74' lang='grc' dir='ltr'><strong><em>ἐπολεμήθη</em></strong></span> <span class='ocrx_word' id='word_1_174' title='bbox 1129 2135 1177 2199; x_wconf 82' lang='grc' dir='ltr'><strong><em>διδι</em></strong></span> 
     </span>
     <span class='ocr_line' id='line_1_20' title="bbox 153 2207 1176 2308; baseline 0.002 -38"><span class='ocrx_word' id='word_1_175' title='bbox 153 2220 264 2308; x_wconf 65' lang='grc' dir='ltr'><strong><em>π-ολλοῑν</em></strong></span> <span class='ocrx_word' id='word_1_176' title='bbox 279 2222 422 2289; x_wconf 77' lang='grc' dir='ltr'><strong><em>τιμωριῶν</em></strong></span> <span class='ocrx_word' id='word_1_177' title='bbox 438 2207 494 2271; x_wconf 85' lang='grc' dir='ltr'>ὑπδ</span> <span class='ocrx_word' id='word_1_178' title='bbox 520 2219 659 2287; x_wconf 79' lang='grc' dir='ltr'><strong><em>βασιλέων</em></strong></span> <span class='ocrx_word' id='word_1_179' title='bbox 677 2221 725 2270; x_wconf 79' lang='grc' dir='ltr'>ναὶ</span> <span class='ocrx_word' id='word_1_180' title='bbox 751 2219 884 2290; x_wconf 77' lang='grc' dir='ltr'><strong><em>ἐπάρχων</em></strong></span> <span class='ocrx_word' id='word_1_181' title='bbox 912 2221 943 2274; x_wconf 76' lang='grc' dir='ltr'><strong><em>ἐν</em></strong></span> <span class='ocrx_word' id='word_1_182' title='bbox 969 2219 999 2292; x_wconf 82' lang='grc' dir='ltr'>τή</span> <span class='ocrx_word' id='word_1_183' title='bbox 1028 2221 1176 2289; x_wconf 70' lang='grc' dir='ltr'><strong><em>οἰκουμένη</em></strong></span> 
     </span>
    </p>
   </div>
   <div class='ocr_carea' id='block_1_4' title="bbox 25 2311 1176 2528">
    <p class='ocr_par' dir='ltr' id='par_1_4' title="bbox 25 2311 1176 2528">
     <span class='ocr_line' id='line_1_21' title="bbox 91 2311 1176 2386; baseline 0 -20"><span class='ocrx_word' id='word_1_184' title='bbox 91 2369 93 2374; x_wconf 68' lang='grc'><strong><em>,</em></strong></span> <span class='ocrx_word' id='word_1_185' title='bbox 152 2334 194 2380; x_wconf 88' lang='grc' dir='ltr'><strong><em>τιη</em></strong></span> <span class='ocrx_word' id='word_1_186' title='bbox 209 2311 340 2382; x_wconf 83' lang='grc' dir='ltr'><strong><em>χρόνους,</em></strong></span> <span class='ocrx_word' id='word_1_187' title='bbox 359 2315 508 2368; x_wconf 68' lang='grc' dir='ltr'><strong><em>πολυθέων</em></strong></span> <span class='ocrx_word' id='word_1_188' title='bbox 535 2313 627 2368; x_wconf 78' lang='grc' dir='ltr'><strong><em>ὄντων</em></strong></span> <span class='ocrx_word' id='word_1_189' title='bbox 651 2317 698 2366; x_wconf 76' lang='grc' dir='ltr'><strong><em>καὶ</em></strong></span> <span class='ocrx_word' id='word_1_190' title='bbox 719 2314 975 2386; x_wconf 77' lang='grc' dir='ltr'><strong><em>ελδαιλολοτραῖν.Ρ</em></strong></span> <span class='ocrx_word' id='word_1_191' title='bbox 1065 2313 1105 2369; x_wconf 85' lang='lat'>10.</span> <span class='ocrx_word' id='word_1_192' title='bbox 1127 2312 1176 2366; x_wconf 84' lang='grc' dir='ltr'><strong><em>τοῦ</em></strong></span> 
     </span>
     <span class='ocr_line' id='line_1_22' title="bbox 25 2383 1176 2528; baseline 0.034 -128"><span class='ocrx_word' id='word_1_193' title='bbox 25 2391 26 2400; x_wconf 71' lang='grc'><strong><em>,</em></strong></span> <span class='ocrx_word' id='word_1_194' title='bbox 153 2386 308 2528; x_wconf 45' lang='lat' dir='ltr'>midam.</span> <span class='ocrx_word' id='word_1_195' title='bbox 322 2386 361 2505; x_wconf 66' lang='lat' dir='ltr'>spi.</span> <span class='ocrx_word' id='word_1_196' title='bbox 382 2383 466 2457; x_wconf 76' lang='grc' dir='ltr'><strong><em>ἀμήν.</em></strong></span> <span class='ocrx_word' id='word_1_197' title='bbox 485 2387 573 2438; x_wconf 74' lang='lat' dir='ltr'>rovira</span> <span class='ocrx_word' id='word_1_198' title='bbox 584 2387 702 2457; x_wconf 75' lang='grc' dir='ltr'><strong><em>λέγομεν</em></strong></span> <span class='ocrx_word' id='word_1_199' title='bbox 721 2386 801 2458; x_wconf 77' lang='grc' dir='ltr'><strong><em>ἡμεῖς</em></strong></span> <span class='ocrx_word' id='word_1_200' title='bbox 817 2391 884 2457; x_wconf 80' lang='grc' dir='ltr'>περὶ</span> <span class='ocrx_word' id='word_1_201' title='bbox 900 2386 1077 2452; x_wconf 80' lang='grc' dir='ltr'><strong><em>ιήςπισιειος</em></strong></span> <span class='ocrx_word' id='word_1_202' title='bbox 1096 2384 1176 2455; x_wconf 80' lang='grc' dir='ltr'><strong><em>ήμῶν</em></strong></span> 
     </span>
    </p>
   </div>
   <div class='ocr_carea' id='block_1_5' title="bbox 91 2588 1234 2714">
    <p class='ocr_par' dir='ltr' id='par_1_5' title="bbox 91 2588 1234 2714">
     <span class='ocr_line' id='line_1_23' title="bbox 93 2588 1234 2712; baseline 0.003 -73"><span class='ocrx_word' id='word_1_203' title='bbox 93 2590 184 2712; x_wconf 71' lang='grc' dir='ltr'><strong><em>ίεοιτρς</em></strong></span> <span class='ocrx_word' id='word_1_204' title='bbox 204 2588 278 2660; x_wconf 89' lang='lat' dir='ltr'>quod</span> <span class='ocrx_word' id='word_1_205' title='bbox 295 2589 432 2660; x_wconf 79' lang='lat' dir='ltr'>profecto,</span> <span class='ocrx_word' id='word_1_206' title='bbox 459 2591 481 2642; x_wconf 89' lang='lat' dir='ltr'>si</span> <span class='ocrx_word' id='word_1_207' title='bbox 500 2591 607 2644; x_wconf 88' lang='lat' dir='ltr'>veritati</span> <span class='ocrx_word' id='word_1_208' title='bbox 632 2591 701 2643; x_wconf 85' lang='lat' dir='ltr'>haec</span> <span class='ocrx_word' id='word_1_209' title='bbox 723 2589 790 2644; x_wconf 84' lang='lat' dir='ltr'>fides</span> <span class='ocrx_word' id='word_1_210' title='bbox 807 2590 1004 2656; x_wconf 72' lang='lat' dir='ltr'>adversaretur,</span> <span class='ocrx_word' id='word_1_211' title='bbox 1022 2599 1172 2644; x_wconf 84' lang='lat' dir='ltr'>secuturum</span> <span class='ocrx_word' id='word_1_212' title='bbox 1231 2597 1234 2602; x_wconf 90' lang='lat'>&#39;</span> 
     </span>
     <span class='ocr_line' id='line_1_24' title="bbox 91 2663 265 2714; baseline 0.023 -4"><span class='ocrx_word' id='word_1_213' title='bbox 91 2677 141 2713; x_wconf 92' lang='lat' dir='ltr'>uon</span> <span class='ocrx_word' id='word_1_214' title='bbox 172 2663 265 2714; x_wconf 83' lang='lat' dir='ltr'>uisset·</span> 
     </span>
    </p>
   </div>
   <div class='ocr_carea' id='block_1_6' title="bbox 267 2747 812 2818">
    <p class='ocr_par' dir='ltr' id='par_1_6' title="bbox 267 2747 812 2818">
     <span class='ocr_line' id='line_1_25' title="bbox 267 2747 812 2818; baseline 0 -20"><span class='ocrx_word' id='word_1_215' title='bbox 267 2747 404 2800; x_wconf 72' lang='lat' dir='ltr'>Hactenus</span> <span class='ocrx_word' id='word_1_216' title='bbox 424 2747 558 2799; x_wconf 87' lang='lat' dir='ltr'>decimum</span> <span class='ocrx_word' id='word_1_217' title='bbox 579 2755 700 2802; x_wconf 84' lang='lat' dir='ltr'>octavum</span> <span class='ocrx_word' id='word_1_218' title='bbox 722 2755 812 2818; x_wconf 84' lang='lat' dir='ltr'>caput.</span> 
     </span>
    </p>
   </div>
   <div class='ocr_carea' id='block_1_7' title="bbox 92 2833 1173 2988">
    <p class='ocr_par' dir='ltr' id='par_1_7' title="bbox 92 2833 1173 2988">
     <span class='ocr_line' id='line_1_26' title="bbox 171 2833 1173 2906; baseline -0.001 -19"><span class='ocrx_word' id='word_1_219' title='bbox 171 2833 272 2898; x_wconf 82' lang='lat' dir='ltr'>Sexto,</span> <span class='ocrx_word' id='word_1_220' title='bbox 301 2834 431 2906; x_wconf 79' lang='lat' dir='ltr'>quioquid</span> <span class='ocrx_word' id='word_1_221' title='bbox 450 2835 484 2886; x_wconf 90' lang='lat' dir='ltr'>ab</span> <span class='ocrx_word' id='word_1_222' title='bbox 503 2835 642 2906; x_wconf 82' lang='lat' dir='ltr'>aliquibus</span> <span class='ocrx_word' id='word_1_223' title='bbox 662 2834 788 2886; x_wconf 87' lang='lat' dir='ltr'>adversus</span> <span class='ocrx_word' id='word_1_224' title='bbox 813 2833 882 2886; x_wconf 80' lang='lat' dir='ltr'>hanc</span> <span class='ocrx_word' id='word_1_225' title='bbox 909 2833 989 2890; x_wconf 83' lang='lat' dir='ltr'>fidem</span> <span class='ocrx_word' id='word_1_226' title='bbox 1009 2837 1128 2898; x_wconf 65' lang='lat' dir='ltr'>adortus,</span> <span class='ocrx_word' id='word_1_227' title='bbox 1146 2834 1173 2886; x_wconf 90' lang='lat' dir='ltr'>id</span> 
     </span>
     <span class='ocr_line' id='line_1_27' title="bbox 92 2905 927 2988; baseline 0.001 -34"><span class='ocrx_word' id='word_1_228' title='bbox 92 2911 143 2956; x_wconf 86' lang='lat' dir='ltr'>tum</span> <span class='ocrx_word' id='word_1_229' title='bbox 163 2907 241 2958; x_wconf 83' lang='lat' dir='ltr'>facile</span> <span class='ocrx_word' id='word_1_230' title='bbox 259 2915 317 2958; x_wconf 90' lang='lat' dir='ltr'>tum</span> <span class='ocrx_word' id='word_1_231' title='bbox 333 2907 441 2957; x_wconf 88' lang='lat' dir='ltr'>veritati</span> <span class='ocrx_word' id='word_1_232' title='bbox 460 2914 639 2988; x_wconf 70' lang='lat' dir='ltr'>congruenter</span> <span class='ocrx_word' id='word_1_233' title='bbox 655 2905 759 2958; x_wconf 79' lang='lat' dir='ltr'>solvere</span> <span class='ocrx_word' id='word_1_234' title='bbox 776 2922 927 2976; x_wconf 84' lang='lat' dir='ltr'>possumus.</span> 
     </span>
    </p>
   </div>
   <div class='ocr_carea' id='block_1_8' title="bbox 266 2993 790 3063">
    <p class='ocr_par' dir='ltr' id='par_1_8' title="bbox 266 2993 790 3063">
     <span class='ocr_line' id='line_1_28' title="bbox 266 2993 790 3063; baseline -0.004 -17"><span class='ocrx_word' id='word_1_235' title='bbox 266 2995 403 3046; x_wconf 74' lang='lat' dir='ltr'><strong>Hactenus</strong></span> <span class='ocrx_word' id='word_1_236' title='bbox 424 2993 556 3046; x_wconf 87' lang='lat' dir='ltr'>decimum</span> <span class='ocrx_word' id='word_1_237' title='bbox 581 3010 684 3048; x_wconf 81' lang='lat' dir='ltr'>nouum</span> <span class='ocrx_word' id='word_1_238' title='bbox 700 3003 790 3063; x_wconf 86' lang='lat' dir='ltr'>caput.</span> 
     </span>
    </p>
   </div>
   <div class='ocr_carea' id='block_1_9' title="bbox 93 3080 1217 3645">
    <p class='ocr_par' dir='ltr' id='par_1_9' title="bbox 93 3080 1217 3645">
     <span class='ocr_line' id='line_1_29' title="bbox 157 3080 1205 3156; baseline 0 -26"><span class='ocrx_word' id='word_1_239' title='bbox 157 3081 293 3134; x_wconf 85' lang='lat' dir='ltr'>Postremo</span> <span class='ocrx_word' id='word_1_240' title='bbox 314 3081 392 3133; x_wconf 85' lang='lat' dir='ltr'>fidem</span> <span class='ocrx_word' id='word_1_241' title='bbox 408 3081 477 3133; x_wconf 87' lang='lat' dir='ltr'>hanc</span> <span class='ocrx_word' id='word_1_242' title='bbox 496 3083 561 3133; x_wconf 91' lang='lat' dir='ltr'>olim</span> <span class='ocrx_word' id='word_1_243' title='bbox 580 3090 771 3152; x_wconf 77' lang='lat' dir='ltr'>oppugnarunt</span> <span class='ocrx_word' id='word_1_244' title='bbox 789 3081 881 3156; x_wconf 73' lang='lat' dir='ltr'>multis</span> <span class='ocrx_word' id='word_1_245' title='bbox 902 3080 1043 3151; x_wconf 85' lang='lat' dir='ltr'>suppliciis</span> <span class='ocrx_word' id='word_1_246' title='bbox 1062 3087 1090 3131; x_wconf 86' lang='lat' dir='ltr'>et</span> <span class='ocrx_word' id='word_1_247' title='bbox 1110 3095 1172 3131; x_wconf 58' lang='lat' dir='ltr'>cae·</span> <span class='ocrx_word' id='word_1_248' title='bbox 1201 3101 1205 3110; x_wconf 67' lang='lat'><em>¹</em></span> 
     </span>
     <span class='ocr_line' id='line_1_30' title="bbox 94 3147 1173 3222; baseline 0.005 -24"><span class='ocrx_word' id='word_1_249' title='bbox 94 3147 165 3202; x_wconf 89' lang='lat' dir='ltr'>dibus</span> <span class='ocrx_word' id='word_1_250' title='bbox 184 3171 257 3220; x_wconf 78' lang='lat' dir='ltr'>reges</span> <span class='ocrx_word' id='word_1_251' title='bbox 279 3161 306 3203; x_wconf 84' lang='lat' dir='ltr'>et</span> <span class='ocrx_word' id='word_1_252' title='bbox 331 3152 466 3221; x_wconf 76' lang='lat' dir='ltr'>praesides</span> <span class='ocrx_word' id='word_1_253' title='bbox 497 3169 604 3216; x_wconf 84' lang='lat' dir='ltr'>eorum,</span> <span class='ocrx_word' id='word_1_254' title='bbox 622 3169 671 3222; x_wconf 85' lang='lat' dir='ltr'>per</span> <span class='ocrx_word' id='word_1_255' title='bbox 689 3154 781 3204; x_wconf 85' lang='lat' dir='ltr'>orbem</span> <span class='ocrx_word' id='word_1_256' title='bbox 801 3163 947 3216; x_wconf 83' lang='lat' dir='ltr'>terrarum,</span> <span class='ocrx_word' id='word_1_257' title='bbox 965 3151 1019 3204; x_wconf 82' lang='lat'>318</span> <span class='ocrx_word' id='word_1_258' title='bbox 1037 3152 1121 3213; x_wconf 87' lang='lat' dir='ltr'>anuis,</span> <span class='ocrx_word' id='word_1_259' title='bbox 1143 3159 1173 3203; x_wconf 88' lang='lat' dir='ltr'>ut</span> 
     </span>
     <span class='ocr_line' id='line_1_31' title="bbox 94 3221 1174 3293; baseline 0.002 -23"><span class='ocrx_word' id='word_1_260' title='bbox 94 3222 285 3274; x_wconf 78' lang='lat' dir='ltr'>multitudinem</span> <span class='ocrx_word' id='word_1_261' title='bbox 304 3225 408 3274; x_wconf 78' lang='lat' dir='ltr'>scilicet</span> <span class='ocrx_word' id='word_1_262' title='bbox 423 3223 532 3274; x_wconf 85' lang='lat' dir='ltr'>deorum</span> <span class='ocrx_word' id='word_1_263' title='bbox 552 3241 660 3276; x_wconf 88' lang='lat' dir='ltr'>suorum</span> <span class='ocrx_word' id='word_1_264' title='bbox 676 3233 703 3274; x_wconf 88' lang='lat' dir='ltr'>et</span> <span class='ocrx_word' id='word_1_265' title='bbox 720 3223 794 3275; x_wconf 84' lang='lat' dir='ltr'>idola</span> <span class='ocrx_word' id='word_1_266' title='bbox 815 3241 872 3286; x_wconf 80' lang='lat' dir='ltr'>sus,</span> <span class='ocrx_word' id='word_1_267' title='bbox 892 3239 1005 3293; x_wconf 87' lang='lat' dir='ltr'>quorum</span> <span class='ocrx_word' id='word_1_268' title='bbox 1020 3223 1104 3274; x_wconf 79' lang='lat' dir='ltr'>cultui</span> <span class='ocrx_word' id='word_1_269' title='bbox 1124 3221 1174 3272; x_wconf 89' lang='lat' dir='ltr'>de·</span> 
     </span>
     <span class='ocr_line' id='line_1_32' title="bbox 94 3289 1172 3364; baseline 0.006 -26"><span class='ocrx_word' id='word_1_270' title='bbox 94 3289 137 3342; x_wconf 86' lang='lat' dir='ltr'>diti</span> <span class='ocrx_word' id='word_1_271' title='bbox 155 3303 239 3362; x_wconf 75' lang='grc' dir='ltr'><strong><em>ειαολ,</em></strong></span> <span class='ocrx_word' id='word_1_272' title='bbox 258 3303 414 3358; x_wconf 87' lang='lat' dir='ltr'>tuerentur;</span> <span class='ocrx_word' id='word_1_273' title='bbox 430 3311 481 3345; x_wconf 84' lang='lat' dir='ltr'>nec</span> <span class='ocrx_word' id='word_1_274' title='bbox 501 3294 587 3345; x_wconf 87' lang='lat' dir='ltr'>hilum</span> <span class='ocrx_word' id='word_1_275' title='bbox 610 3293 791 3364; x_wconf 82' lang='lat' dir='ltr'>proiecerunt,</span> <span class='ocrx_word' id='word_1_276' title='bbox 809 3293 857 3345; x_wconf 89' lang='lat' dir='ltr'>sed</span> <span class='ocrx_word' id='word_1_277' title='bbox 876 3296 993 3346; x_wconf 86' lang='lat' dir='ltr'>eiuctata</span> <span class='ocrx_word' id='word_1_278' title='bbox 1013 3293 1078 3344; x_wconf 88' lang='lat' dir='ltr'>vicit</span> <span class='ocrx_word' id='word_1_279' title='bbox 1096 3293 1172 3356; x_wconf 81' lang='lat' dir='ltr'>fides,</span> 
     </span>
     <span class='ocr_line' id='line_1_33' title="bbox 94 3361 1217 3435; baseline 0.003 -24"><span class='ocrx_word' id='word_1_280' title='bbox 94 3361 117 3411; x_wconf 89' lang='lat' dir='ltr'>in</span> <span class='ocrx_word' id='word_1_281' title='bbox 135 3361 203 3416; x_wconf 87' lang='lat' dir='ltr'>hunc</span> <span class='ocrx_word' id='word_1_282' title='bbox 230 3381 316 3435; x_wconf 83' lang='lat' dir='ltr'>usque</span> <span class='ocrx_word' id='word_1_283' title='bbox 344 3365 416 3416; x_wconf 86' lang='lat' dir='ltr'>diem</span> <span class='ocrx_word' id='word_1_284' title='bbox 440 3381 607 3433; x_wconf 82' lang='lat' dir='ltr'>permanens.</span> <span class='ocrx_word' id='word_1_285' title='bbox 658 3365 705 3415; x_wconf 88' lang='lat' dir='ltr'>sed</span> <span class='ocrx_word' id='word_1_286' title='bbox 724 3373 752 3415; x_wconf 84' lang='lat' dir='ltr'>et</span> <span class='ocrx_word' id='word_1_287' title='bbox 771 3364 911 3425; x_wconf 86' lang='lat' dir='ltr'>dominus,</span> <span class='ocrx_word' id='word_1_288' title='bbox 931 3365 1039 3433; x_wconf 84' lang='lat' dir='ltr'>quando</span> <span class='ocrx_word' id='word_1_289' title='bbox 1059 3365 1172 3425; x_wconf 85' lang='lat' dir='ltr'>venerit,</span> <span class='ocrx_word' id='word_1_290' title='bbox 1213 3386 1217 3398; x_wconf 91' lang='lat'><strong>·</strong></span> 
     </span>
     <span class='ocr_line' id='line_1_34' title="bbox 94 3433 1172 3505; baseline 0.002 -23"><span class='ocrx_word' id='word_1_291' title='bbox 94 3437 200 3500; x_wconf 79' lang='lat' dir='ltr'>reperiet</span> <span class='ocrx_word' id='word_1_292' title='bbox 218 3453 284 3486; x_wconf 88' lang='lat' dir='ltr'>eam.</span> <span class='ocrx_word' id='word_1_293' title='bbox 328 3435 455 3505; x_wconf 73' lang='lat' dir='ltr'>quodnisi</span> <span class='ocrx_word' id='word_1_294' title='bbox 483 3439 510 3486; x_wconf 85' lang='lat' dir='ltr'>iu</span> <span class='ocrx_word' id='word_1_295' title='bbox 537 3436 679 3487; x_wconf 87' lang='lat' dir='ltr'>voluntate</span> <span class='ocrx_word' id='word_1_296' title='bbox 699 3435 744 3485; x_wconf 82' lang='lat' dir='ltr'>dri</span> <span class='ocrx_word' id='word_1_297' title='bbox 763 3435 857 3485; x_wconf 86' lang='lat' dir='ltr'>suisset</span> <span class='ocrx_word' id='word_1_298' title='bbox 879 3434 945 3485; x_wconf 82' lang='lat' dir='ltr'>haec</span> <span class='ocrx_word' id='word_1_299' title='bbox 967 3433 1033 3485; x_wconf 87' lang='lat' dir='ltr'>fides</span> <span class='ocrx_word' id='word_1_300' title='bbox 1052 3433 1172 3495; x_wconf 80' lang='lat' dir='ltr'>fundata,</span> 
     </span>
     <span class='ocr_line' id='line_1_35' title="bbox 94 3502 1173 3574; baseline 0 -20"><span class='ocrx_word' id='word_1_301' title='bbox 94 3502 166 3556; x_wconf 82' lang='lat' dir='ltr'>facile</span> <span class='ocrx_word' id='word_1_302' title='bbox 186 3515 260 3566; x_wconf 84' lang='lat' dir='ltr'>tunc,</span> <span class='ocrx_word' id='word_1_303' title='bbox 279 3507 353 3558; x_wconf 84' lang='lat' dir='ltr'>velut</span> <span class='ocrx_word' id='word_1_304' title='bbox 372 3505 482 3571; x_wconf 86' lang='lat' dir='ltr'>nebula,</span> <span class='ocrx_word' id='word_1_305' title='bbox 499 3506 630 3558; x_wconf 89' lang='lat' dir='ltr'>dissoluta</span> <span class='ocrx_word' id='word_1_306' title='bbox 650 3506 813 3559; x_wconf 74' lang='lat' dir='ltr'>evanuisset.</span> <span class='ocrx_word' id='word_1_307' title='bbox 836 3505 888 3574; x_wconf 91' lang='lat' dir='ltr'>ipsi</span> <span class='ocrx_word' id='word_1_308' title='bbox 910 3503 973 3556; x_wconf 83' lang='lat' dir='ltr'>huic</span> <span class='ocrx_word' id='word_1_309' title='bbox 991 3503 1101 3555; x_wconf 88' lang='lat' dir='ltr'>domino</span> <span class='ocrx_word' id='word_1_310' title='bbox 1120 3520 1173 3554; x_wconf 90' lang='lat' dir='ltr'>no-</span> 
     </span>
     <span class='ocr_line' id='line_1_36' title="bbox 93 3577 585 3645; baseline 0.01 -23"><span class='ocrx_word' id='word_1_311' title='bbox 93 3582 141 3626; x_wconf 85' lang='lat' dir='ltr'>stro</span> <span class='ocrx_word' id='word_1_312' title='bbox 159 3578 217 3628; x_wconf 86' lang='lat' dir='ltr'>iesu</span> <span class='ocrx_word' id='word_1_313' title='bbox 237 3577 347 3630; x_wconf 85' lang='lat' dir='ltr'>Christo</span> <span class='ocrx_word' id='word_1_314' title='bbox 365 3578 460 3645; x_wconf 77' lang='lat' dir='ltr'>gioria.</span> <span class='ocrx_word' id='word_1_315' title='bbox 497 3594 585 3628; x_wconf 86' lang='lat' dir='ltr'>amen.</span> 
     </span>
    </p>
   </div>
   <div class='ocr_carea' id='block_1_10' title="bbox 153 3664 1171 3824">
    <p class='ocr_par' dir='ltr' id='par_1_10' title="bbox 153 3664 1171 3824">
     <span class='ocr_line' id='line_1_37' title="bbox 228 3664 1042 3732; baseline -0.009 -13"><span class='ocrx_word' id='word_1_316' title='bbox 228 3719 231 3726; x_wconf 80' lang='grc'><strong><em>,</em></strong></span> <span class='ocrx_word' id='word_1_317' title='bbox 282 3666 419 3718; x_wconf 78' lang='lat' dir='ltr'>Hactenus</span> <span class='ocrx_word' id='word_1_318' title='bbox 439 3664 491 3716; x_wconf 87' lang='lat' dir='ltr'>deo</span> <span class='ocrx_word' id='word_1_319' title='bbox 511 3666 621 3716; x_wconf 83' lang='lat' dir='ltr'>iuvante</span> <span class='ocrx_word' id='word_1_320' title='bbox 641 3665 722 3716; x_wconf 86' lang='lat' dir='ltr'>etism</span> <span class='ocrx_word' id='word_1_321' title='bbox 742 3665 896 3715; x_wconf 88' lang='lat' dir='ltr'>vicesimum</span> <span class='ocrx_word' id='word_1_322' title='bbox 916 3669 1005 3732; x_wconf 78' lang='lat' dir='ltr'>caput.</span> <span class='ocrx_word' id='word_1_323' title='bbox 1039 3721 1042 3726; x_wconf 89' lang='lat'><em>.</em></span> 
     </span>
     <span class='ocr_line' id='line_1_38' title="bbox 153 3747 1171 3824; baseline -0.002 -24"><span class='ocrx_word' id='word_1_324' title='bbox 153 3749 224 3800; x_wconf 85' lang='lat' dir='ltr'>Haec</span> <span class='ocrx_word' id='word_1_325' title='bbox 242 3759 305 3801; x_wconf 88' lang='lat' dir='ltr'>sunt</span> <span class='ocrx_word' id='word_1_326' title='bbox 327 3767 398 3820; x_wconf 87' lang='lat' dir='ltr'>quae</span> <span class='ocrx_word' id='word_1_327' title='bbox 416 3768 466 3810; x_wconf 81' lang='lat' dir='ltr'>nos</span> <span class='ocrx_word' id='word_1_328' title='bbox 485 3751 519 3803; x_wconf 87' lang='lat' dir='ltr'>de</span> <span class='ocrx_word' id='word_1_329' title='bbox 537 3751 667 3820; x_wconf 83' lang='lat' dir='ltr'>religione</span> <span class='ocrx_word' id='word_1_330' title='bbox 684 3758 776 3802; x_wconf 87' lang='lat' dir='ltr'>nostra</span> <span class='ocrx_word' id='word_1_331' title='bbox 795 3751 935 3824; x_wconf 76' lang='lat' dir='ltr'>sentimus,</span> <span class='ocrx_word' id='word_1_332' title='bbox 954 3749 1070 3800; x_wconf 87' lang='lat' dir='ltr'>breviter</span> <span class='ocrx_word' id='word_1_333' title='bbox 1090 3747 1171 3800; x_wconf 84' lang='lat' dir='ltr'>dista.</span> 
     </span>
    </p>
   </div>
   <div class='ocr_carea' id='block_1_11' title="bbox 92 3835 1174 4191">
    <p class='ocr_par' dir='ltr' id='par_1_11' title="bbox 92 3835 1174 4191">
     <span class='ocr_line' id='line_1_39' title="bbox 153 3835 1172 3907; baseline -0.001 -20"><span class='ocrx_word' id='word_1_334' title='bbox 153 3837 229 3887; x_wconf 89' lang='lat' dir='ltr'>Tunc</span> <span class='ocrx_word' id='word_1_335' title='bbox 256 3837 396 3900; x_wconf 83' lang='lat' dir='ltr'>sultanus‚</span> <span class='ocrx_word' id='word_1_336' title='bbox 416 3837 490 3889; x_wconf 85' lang='lat' dir='ltr'>hisce</span> <span class='ocrx_word' id='word_1_337' title='bbox 518 3856 551 3889; x_wconf 85' lang='lat' dir='ltr'>ex</span> <span class='ocrx_word' id='word_1_338' title='bbox 578 3855 625 3890; x_wconf 86' lang='lat' dir='ltr'>ore</span> <span class='ocrx_word' id='word_1_339' title='bbox 654 3835 823 3907; x_wconf 82' lang='lat' dir='ltr'>patriarchae</span> <span class='ocrx_word' id='word_1_340' title='bbox 851 3837 949 3890; x_wconf 87' lang='lat' dir='ltr'>auditis</span> <span class='ocrx_word' id='word_1_341' title='bbox 980 3845 1007 3888; x_wconf 88' lang='lat' dir='ltr'>et</span> <span class='ocrx_word' id='word_1_342' title='bbox 1026 3837 1053 3887; x_wconf 92' lang='lat' dir='ltr'>in</span> <span class='ocrx_word' id='word_1_343' title='bbox 1073 3837 1172 3904; x_wconf 82' lang='lat' dir='ltr'>scripto</span> 
     </span>
     <span class='ocr_line' id='line_1_40' title="bbox 92 3905 1174 3979; baseline -0.001 -21"><span class='ocrx_word' id='word_1_344' title='bbox 92 3905 165 3958; x_wconf 72' lang='lat' dir='ltr'>‘tiam</span> <span class='ocrx_word' id='word_1_345' title='bbox 187 3910 314 3978; x_wconf 84' lang='lat' dir='ltr'>acceptis,</span> <span class='ocrx_word' id='word_1_346' title='bbox 333 3926 495 3979; x_wconf 80' lang='lat' dir='ltr'>magnopere</span> <span class='ocrx_word' id='word_1_347' title='bbox 513 3908 658 3960; x_wconf 78' lang='lat' dir='ltr'>admiratus</span> <span class='ocrx_word' id='word_1_348' title='bbox 676 3917 716 3960; x_wconf 88' lang='lat' dir='ltr'>est</span> <span class='ocrx_word' id='word_1_349' title='bbox 743 3909 816 3960; x_wconf 83' lang='lat' dir='ltr'>iilius</span> <span class='ocrx_word' id='word_1_350' title='bbox 835 3908 983 3960; x_wconf 86' lang='lat' dir='ltr'>divinarum</span> <span class='ocrx_word' id='word_1_351' title='bbox 1001 3921 1098 3957; x_wconf 69' lang='lat' dir='ltr'>¹rerum</span> <span class='ocrx_word' id='word_1_352' title='bbox 1127 3925 1174 3958; x_wconf 79' lang='lat' dir='ltr'>co·</span> 
     </span>
     <span class='ocr_line' id='line_1_41' title="bbox 92 3977 1173 4051; baseline 0.004 -27"><span class='ocrx_word' id='word_1_353' title='bbox 92 3977 232 4040; x_wconf 65' lang='lat' dir='ltr'>finitionem</span> <span class='ocrx_word' id='word_1_354' title='bbox 250 3988 278 4030; x_wconf 87' lang='lat' dir='ltr'>et</span> <span class='ocrx_word' id='word_1_355' title='bbox 296 3982 472 4048; x_wconf 62' lang='lat' dir='ltr'>sapientiam</span> <span class='ocrx_word' id='word_1_356' title='bbox 492 3989 633 4051; x_wconf 84' lang='lat' dir='ltr'>certusque</span> <span class='ocrx_word' id='word_1_357' title='bbox 644 3981 678 4031; x_wconf 90' lang='lat' dir='ltr'>de</span> <span class='ocrx_word' id='word_1_358' title='bbox 699 3979 829 4048; x_wconf 80' lang='lat' dir='ltr'>religione</span> <span class='ocrx_word' id='word_1_359' title='bbox 848 3980 999 4031; x_wconf 83' lang='lat' dir='ltr'>Christiana</span> <span class='ocrx_word' id='word_1_360' title='bbox 1019 3978 1103 4028; x_wconf 85' lang='lat' dir='ltr'>factus</span> <span class='ocrx_word' id='word_1_361' title='bbox 1123 3985 1173 4042; x_wconf 80' lang='lat' dir='ltr'>est,</span> 
     </span>
     <span class='ocr_line' id='line_1_42' title="bbox 92 4048 1174 4118; baseline 0.005 -24"><span class='ocrx_word' id='word_1_362' title='bbox 92 4053 168 4099; x_wconf 83' lang='lat' dir='ltr'>totam</span> <span class='ocrx_word' id='word_1_363' title='bbox 187 4067 246 4101; x_wconf 87' lang='lat' dir='ltr'>esse</span> <span class='ocrx_word' id='word_1_364' title='bbox 265 4051 438 4112; x_wconf 81' lang='lat' dir='ltr'>verissimam,</span> <span class='ocrx_word' id='word_1_365' title='bbox 459 4051 586 4118; x_wconf 80' lang='lat' dir='ltr'>mysteria</span> <span class='ocrx_word' id='word_1_366' title='bbox 608 4052 664 4102; x_wconf 89' lang='lat' dir='ltr'>eius</span> <span class='ocrx_word' id='word_1_367' title='bbox 685 4067 741 4101; x_wconf 89' lang='lat' dir='ltr'>uon</span> <span class='ocrx_word' id='word_1_368' title='bbox 766 4049 847 4102; x_wconf 88' lang='lat' dir='ltr'>modo</span> <span class='ocrx_word' id='word_1_369' title='bbox 877 4067 938 4102; x_wconf 84' lang='lat' dir='ltr'>vera</span> <span class='ocrx_word' id='word_1_370' title='bbox 957 4048 1003 4100; x_wconf 88' lang='lat' dir='ltr'>sed</span> <span class='ocrx_word' id='word_1_371' title='bbox 1022 4049 1101 4099; x_wconf 85' lang='lat' dir='ltr'>etiarn</span> <span class='ocrx_word' id='word_1_372' title='bbox 1123 4049 1174 4099; x_wconf 87' lang='lat' dir='ltr'>rni-</span> 
     </span>
     <span class='ocr_line' id='line_1_43' title="bbox 93 4117 1174 4191; baseline 0.006 -26"><span class='ocrx_word' id='word_1_373' title='bbox 93 4117 176 4186; x_wconf 77' lang='lat' dir='ltr'>rifica5</span> <span class='ocrx_word' id='word_1_374' title='bbox 192 4120 298 4174; x_wconf 88' lang='lat' dir='ltr'>nullum</span> <span class='ocrx_word' id='word_1_375' title='bbox 318 4122 359 4174; x_wconf 86' lang='lat' dir='ltr'>his</span> <span class='ocrx_word' id='word_1_376' title='bbox 378 4122 486 4175; x_wconf 84' lang='lat' dir='ltr'>subesse</span> <span class='ocrx_word' id='word_1_377' title='bbox 508 4121 618 4187; x_wconf 84' lang='lat' dir='ltr'>dolum,</span> <span class='ocrx_word' id='word_1_378' title='bbox 637 4119 685 4174; x_wconf 87' lang='lat' dir='ltr'>sed</span> <span class='ocrx_word' id='word_1_379' title='bbox 710 4122 828 4191; x_wconf 86' lang='lat' dir='ltr'>puritate</span> <span class='ocrx_word' id='word_1_380' title='bbox 855 4129 882 4174; x_wconf 90' lang='lat' dir='ltr'>et</span> <span class='ocrx_word' id='word_1_381' title='bbox 901 4118 1045 4191; x_wconf 81' lang='lat' dir='ltr'>splendore</span> <span class='ocrx_word' id='word_1_382' title='bbox 1066 4121 1174 4172; x_wconf 85' lang='lat' dir='ltr'>vincere</span> 
     </span>
    </p>
   </div>
   <div class='ocr_carea' id='block_1_12' title="bbox 0 0 1485 4816">
    <p class='ocr_par' dir='ltr' id='par_1_12' title="bbox 0 0 1485 4816">
     <span class='ocr_line' id='line_1_44' title="bbox 0 0 1485 4816; baseline 0 0"><span class='ocrx_word' id='word_1_383' title='bbox 0 0 1485 4816; x_wconf 95' lang='lat' dir='ltr'> </span> 
     </span>
    </p>
   </div>
  </div>
 </body>
</html>
