2946 4830
430 332 433 340 ·
491 303 848 386 suiotfflunuun.
1144 307 1218 392 θθθ

115 481 170 542 wc
191 456 417 546 eiv’lums‘r'us
434 473 553 555 νικῶσι,
569 477 624 542 καί
636 472 689 540 τόν
705 478 800 559 Γίνηκ
814 472 945 556 Φράτην
959 475 1143 560 εἰσφέρουσι,
1158 477 1218 556 βαι
1270 539 1276 544 .

116 564 277 644 στάζοντα
290 567 447 651 σῦμιιανγα
467 575 519 640 ἐπὶ
540 575 599 638 τιόν
619 566 714 692 άόμωγ
731 576 840 638 αὐτοῦ.
865 580 920 639 καί
939 569 1032 651 όσοος
1047 578 1108 658 μὲν
1128 581 1219 652 κοτέ.

117 666 298 752 σφοιξαν,’
285 673 337 734 επὶ
359 675 422 748 sois
456 673 585 755 άμαξιάν
609 673 724 749 ου’τοός
745 678 878 742 ἐτίθουν
903 701 954 740 και
950 673 1124 757 Ηόθαπτον,
1146 675 1219 754 τοός

118 771 156 834 δὲ
182 769 310 860 iocunde
344 773 389 848 εἰς
411 775 558 857 φυλακάς
590 775 745 893 εἰλέρμουν
776 801 829 842 και
852 777 1080 896 α’πημπιόλουγ.
1123 781 1217 854 τοῦτο

90 871 246 953 ὅπράτον
266 878 350 945 νῖκος
373 895 429 938 του
417 875 551 990 0⁰²⁹?
574 872 654 940 κατά
677 880 741 940 τιάν
760 873 987 996 Ἀλβαγιτῶν’
973 873 1117 958 εγεγόνει.
1298 867 1301 877 ’

224 973 347 1040 Τούτου
383 976 441 1039 τοῦ
470 973 590 1056 χρόνου
621 979 785 1058 τρέχοντος
814 1001 864 1040 και
898 975 913 1038 ὁ
940 978 1039 1058 μέγας
1072 979 1216 1060 μοιΐστωρ

117 1071 199 1138 κατά
219 1065 403 1158 τῆςἈρτης
425 1082 534 1158 χωρεῖ,
556 1078 609 1139 κατ’
629 1079 771 1158 ἰσχυραῖς
792 1079 845 1142 τόν
866 1074 995 1144 Σπάταν
1016 1073 1143 1170 irriges,
1188 1074 1219 1142 οἱ

118 1177 156 1240 δὲ
173 1173 360 1260 Ἀλβανῖται
386 1179 673 1258 συναθροισθέντες
705 1173 803 1239 αὐτόν
825 1173 1076 1260 κατετρόπωσαν,
1099 1179 1155 1248 καί
1174 1177 1219 1260 τίς

116 1283 232 1358 χεῖρας
260 1276 319 1338 τοῦ
340 1273 452 1340 Σπάτα
481 1273 618 1364 όμίγας
639 1277 781 1359 μαίστωρ
813 1273 922 1355 tuoto,
951 1276 1005 1338 καί
1021 1277 1089 1354 μετ’
1111 1275 1218 1355 άλίγος

75 1371 241 1460 λθῆμὲρας
261 1373 431 1457 πιπράσκει
462 1375 569 1440 ου’τόν.
625 1373 654 1440 οἱ
676 1375 912 1457 δὲἈλβανῖται
942 1370 1093 1440 τοσούτου
1115 1372 1217 1441 niori·

115 1499 176 1540 του
200 1472 465 1561 θραξάμενοιτην
480 1478 674 1556 πανουργίαν
689 1479 747 1540 τοῦ
762 1478 865 1555 Θωμά
885 1469 942 1540 ουίι
964 1478 1125 1560 ἐξέφυγον,
1147 1475 1217 1548 ἀλλ’

117 1573 239 1649 αυίοός
258 1579 430 1660 περιέργως
462 1578 599 1662 ε’πιπηόᾷ
620 1579 674 1642 καί
693 1577 846 1661 ἀσφαλῶς
876 1577 910 1640 ἐν
932 1579 969 1662 τῇ
991 1577 1118 1664 φρουρρῖ
1138 1576 1216 1638 dno·

116 1675 223 1741 κλείει.

222 1773 297 1840 Τότε
318 1780 500 1859 παραυτίκα
521 1779 636 1851 δολίως
657 1777 815 1860 συσκευην
847 1775 925 1842 κατά
946 1781 1001 1860 τῆς
1022 1779 1130 1861 χώρας
1152 1781 1215 1842 edu

75 1876 298 1946 λοἸωαννίνων
323 1873 353 1940 οἱ
374 1879 607 1942 Μαλακασαῖοι
637 1873 819 1960 ἐργάζονται
831 1923 842 1953 ,
866 1879 919 1942 καί
938 1877 989 1942 τὸν
1010 1881 1114 1944 ἐπάνω
1137 1901 1216 1960 γου-

115 1979 175 2042 λάν
202 1961 511 2068 παραλαμβάνουσι,
546 1973 701 2060 προδότην
731 1976 786 2039 καί
820 1975 971 2059 συνεργόν
1010 1975 1136 2060 ἔχοντες
1170 1981 1215 2053 εἰς

115 2075 211 2140 τοῦτο
228 2073 280 2140 τόν
300 2074 407 2160 κωφόν
428 2075 613 2161 Νικηφόρον
635 2075 690 2140 τόν
706 2074 850 2161 πετάτην,
872 2071 907 2152 ός
925 2101 971 2151 τις
995 2075 1112 2153 ου’τοάς
1136 2083 1216 2164 περᾷ

114 2179 170 2242 ἐπί
187 2179 250 2263 [vic
279 2176 399 2257 βάλκας
429 2177 551 2255 αὐτοῦ,
581 2179 636 2240 καί
662 2173 735 2250 τοός
764 2179 822 2257 μὲν
854 2177 1015 2260 ε’γκρίτσυς
1042 2177 1125 2258 μετά
1154 2182 1215 2245 τῶν

115 2273 238 2357 ὅπλων,
274 2281 401 2351 πλείους
424 2280 486 2343 ταῖν
508 2280 701 2352 διακοσίων,
723 2280 769 2353 εἰς
790 2276 842 2342 τόν
863 2281 982 2360 γουλάν
1004 2279 1216 2363 συνεισφέρει,

9 2415 11 2424 v
73 2377 192 2450 γονοός
213 2381 248 2442 de'
269 2401 303 2458 γε
327 2371 452 2456 ἄλλους,
476 2380 616 2460 παγγινῆ
638 2376 743 2460 πλήθη
765 2380 979 2462 α’ναρίθμητα,
1003 2380 1036 2448 ἐν
1058 2381 1101 2466 τῷ
1119 2379 1215 2467 νησίρι

117 2481 264 2560 διαπερά.
318 2481 373 2542 κατ’
407 2473 488 2542 οὕτω
508 2477 616 2551 στάσις
645 2481 765 2562 μεγάλη
797 2483 836 2564 τῇ
858 2475 946 2542 πόλει
968 2477 1105 2560 ἐγένετο,
1127 2475 1216 2552 ἔτους

116 2579 314 2660 ὑπάρχοντος
335 2577 429 2657 6887,
459 2571 521 2642 dno*
546 2579 580 2640 δὲ
605 2579 752 2661 Χρσιτσό
775 2579 872 2658 1379,
893 2581 973 2663 μηνί
994 2581 1214 2664 Φευρουαρίιρ,

115 2679 309 2772 ίνάικτιιόνος
330 2681 370 2760 β’,
391 2674 670 2766 σαββάτῳπριάτη
693 2678 755 2742 τῶν
777 2681 938 2763 νηστειῶν.
995 2675 1063 2740 ἀλλ’
1085 2673 1214 2759 sindesi

116 2961 144 3006 et
163 2952 286 3020 funditus
307 2954 445 3006 victorium
465 2959 604 3023 reportant
621 2953 771 3016 iosnnitue,
792 2961 819 3006 et
831 2953 920 3004 Ginen
940 2951 1062 3004 Phratem
1082 2951 1214 3006 inducunt

115 3027 290 3095 tympanum
307 3025 425 3077 humeris
448 3033 619 3096 portantem,
649 3033 677 3077 et
704 3032 841 3095 quotquot
860 3024 1066 3087 interfecerant,
1084 3025 1213 3094 plaustris

115 3099 305 3168 imposuerunt
324 3098 580 3168 sepeliveruntqus,
611 3105 716 3148 ceteros
735 3105 824 3148 sutem
843 3096 871 3149 in
892 3097 999 3148 vincula
1021 3095 1155 3148 dederunt
1171 3105 1213 3147 at·

114 3185 168 3238 que
190 3168 382 3220 vendiderunt.
431 3176 513 3238 otque
535 3169 606 3221 haec
626 3169 737 3239 quidem
763 3169 850 3238 prima
878 3178 971 3227 contra
1000 3168 1140 3220 Aibanitos
1162 3168 1231 3221 fuit·

115 3241 225 3292 victoria
245 3239 377 3290 ihomas.

217 3328 273 3378 Hoc
291 3327 350 3396 ipso
380 3343 452 3378 anuo
483 3329 563 3377 etism
586 3343 695 3394 maguus
714 3327 843 3394 Magister
870 3334 962 3378 contro
982 3327 1072 3378 Artem
1093 3327 1213 3396 proficis·

115 3399 192 3462 citur,
213 3407 241 3448 et
254 3398 430 3450 vehementer
441 3399 580 3468 premebat
593 3399 709 3468 Sputum.
729 3397 871 3448 Albonitae
884 3406 972 3448 cutem
989 3414 1048 3448 cum
1070 3399 1213 3448 convenis-

115 3478 184 3534 sent,
202 3470 307 3519 illum
299 3486 327 3520 in
347 3470 434 3536 sugam
455 3478 607 3532 verterunt,
628 3478 655 3519 et
673 3486 784 3537 magnus
803 3469 956 3536 Magister
948 3485 976 3518 ιο
1000 3485 1094 3518 monus
1113 3469 1211 3536 Spatue

115 3541 193 3592 datus
212 3549 261 3604 est,
284 3541 329 3608 qui
353 3557 413 3592 eum
433 3548 494 3610 post
513 3557 610 3609 paucos
631 3540 688 3591 dies
708 3539 838 3592 vendidit.
876 3538 1020 3592 Aibsnitae
1041 3548 1129 3590 autem
1149 3548 1211 3590 ton-

114 3621 154 3663 tas
175 3610 247 3662 nocti
267 3609 374 3662 divitius
395 3610 487 3662 dolum
505 3612 625 3662 'thomae
640 3629 696 3664 non
715 3615 876 3680 effugerunt,
896 3609 944 3662 sed
957 3611 1012 3661 iile
1032 3627 1078 3662 eos
1098 3611 1210 3662 solerter

113 3699 253 3756 aggressus
275 3690 354 3732 ceute
376 3683 404 3732 in
422 3682 558 3752 praesidio
578 3683 697 3734 inclusit

213 3770 299 3822 Tum
303 3770 393 3822 statim
413 3770 618 3841 expeditionem
647 3781 739 3822 contra
759 3771 915 3822 ioanninom
936 3770 1095 3822 Malacossei
1115 3769 1210 3838 dolose¹

113 3844 226 3903 faciunt,
247 3850 274 3893 et
293 3843 388 3893 turrim
410 3859 490 3910 supra
509 3842 601 3894 urbem
621 3843 698 3894 sitam
718 3852 859 3912 occupent,
880 3841 1046 3912 proditorem
1064 3849 1092 3892 et
1108 3843 1208 3916 socium

113 3914 147 3977 sd
167 3913 197 3964 id
217 3912 380 3968 adhibentes
401 3913 510 3964 surdum
530 3913 729 3984 Nicephorum,
748 3923 872 3976 notitam,
891 3915 937 3982 qui
957 3913 1065 3984 quidem
1086 3929 1131 3964 eos
1152 3922 1209 3963 tra-

113 3968 190 4036 duxit
210 3986 318 4054 navigio
340 4003 409 4047 suo,
429 3991 510 4055 atque
543 3985 663 4037 delectos
694 3985 804 4055 quidem
824 4003 882 4036 cum
902 3985 995 4047 armis,
1018 3985 1110 4053 piures
1130 4001 1208 4054 quom

113 4056 267 4120 ducentos,
275 4055 310 4108 ad
328 4059 423 4110 turrim
443 4059 598 4127 asportavit,
616 4065 720 4108 ceteros
739 4065 839 4120 sutem,
860 4057 1010 4124 congeriem
1025 4055 1208 4114 multitudinis

112 4143 194 4180 ceusu
208 4130 334 4195 carentis,
351 4128 385 4182 od
404 4129 518 4182 insulam
538 4129 667 4192 traduxit,
686 4135 769 4198 atque
788 4097 839 4180 toi
854 4129 934 4194 modo
953 4127 1085 4182 tumuitus
1099 4143 1209 4198 magnus

112 4199 139 4254 iu
161 4201 227 4254 urbe
247 4211 355 4256 exortos
375 4209 428 4266 est,
459 4200 682 4274 ann06887,p
703 4199 765 4254 cur.
793 4219 819 4256 n.
842 4199 924 4264 1379,
944 4216 1035 4254 mense
1053 4199 1208 4268 Februario,
