2954 4816
532 283 851 383 mammarum.
1012 240 1017 248 ’
1150 285 1218 352 ιιτ

122 429 373 498 enuntiaturus
405 437 460 498 κατ’
487 432 599 514 ῦμίλιε.
644 429 711 516 εἶχε
740 438 774 500 at
802 437 925 516 yiuirrrr
949 413 1137 520 θαυμαστῇ,
1169 435 1224 498 κατ’

121 529 249 596 inimus
274 533 347 606 reric
374 534 484 620 λόγους
504 555 560 596 του
590 537 631 614 μὲ
653 531 753 598 πολλὰ
787 535 1028 616 παραδείγματα
1051 537 1107 616 τῆς
1131 539 1223 608 θειάς

121 631 252 714 γραφῆς
275 631 517 715 εῦμορφολεατα,
533 631 615 696 ὀποῦ
635 633 861 715 ἰκατανῦγετον
875 635 962 696 urion
982 631 1073 714 ψυχη
1097 626 1223 716 α’νθριῦρ

122 755 203 794 που·
247 728 330 792 ὀποῦ
354 729 442 806 τινος
474 725 568 806 ἄλλος
590 730 775 816 σοφώτατος
808 735 866 796 τοῦ
893 735 1008 814 καιροῦ
1030 731 1224 797 insaturata

100 825 241 894 sitnm
266 828 366 894 αῦτὸν
398 853 443 903 εις
470 829 528 904 τὰς
545 831 692 914 χάριτας.
739 832 837 906 τόσος
863 829 926 946 γῦρ
956 835 1065 918 μέγας
1082 822 1157 912 ἦτοι
1179 835 1224 906 εις

124 924 179 1009 την
200 925 404 1009 θεολογίῦαν
388 953 433 994 οτι
456 928 491 992 τὸ
514 923 614 1008 ὄνομά
633 953 689 992 του
714 928 800 1010 καίἦ
824 928 918 1044 φήμη
937 951 992 992 του
1016 928 1157 1047 η’κοῦσθη
1178 931 1224 1004 εἰς

125 1025 186 1092 τὸν
205 1024 491 1092 contravirum
515 1029 549 1092 ἐν
569 1031 612 1113 τῷ
634 1024 701 1108 ἅμα
723 1025 839 1092 ἔστειλε
861 1026 939 1109 πρὸς
959 1025 1053 1091 αὐτὸν
1080 1022 1164 1103 ὅπως
1184 1053 1222 1090 να

125 1125 183 1188 τοῦ
205 1124 316 1212 γράψῃ
351 1127 407 1210 την
436 1121 579 1212 ἐξήγησιν
611 1133 669 1192 τοῦ
697 1124 787 1209 ἁγίου
819 1125 981 1208 συμβόλου
1011 1131 1067 1210 τῆς
1089 1129 1224 1200 πίστεως

125 1219 227 1308 ἡμῶν,
247 1219 346 1308 ἤγουν
367 1223 401 1289 τὸ
419 1223 629 1290 “πιστεῦτο’
603 1250 648 1302 εις
667 1225 722 1290 ἕνα
742 1223 836 1307 θεόν,
865 1227 987 1310 πατέρα
1010 1224 1223 1308 πανιοκρῦτο-

15 1385 16 1390 ,
88 1325 198 1405 ιορα.”
239 1323 349 1388 λοιπῦν
371 1323 387 1388 o‘
407 1326 604 1409 πατριάρχης
626 1325 724 1406 ἔκαμε
746 1324 802 1407 την
824 1325 977 1410 ἐξήγησιν,
1011 1324 1066 1389 κατ’
1087 1324 1226 1410 ἔγραψεν

127 1419 230 1505 αῦτην
252 1423 416 1506 θεολογικοὶ
440 1424 495 1488 καί
529 1427 655 1506 τεχνικὰ
690 1425 732 1499 ὥς
759 1423 943 1509 σοφώτατος
966 1423 1046 1488 ῦποῦ
1066 1415 1153 1508 ἦτον,
1174 1425 1229 1488 κατ’

126 1521 183 1603 την
206 1520 373 1585 ἀπέστειλε
403 1525 461 1587 τοῦ
492 1523 679 1588 σουλτῦνου.
729 1527 783 1586 κατ’
816 1524 859 1599 αἱς
887 1523 944 1608 την
972 1519 1102 1607 ἔλαβεν,
1124 1522 1226 1606 ἐχάρη

127 1621 242 1699 πολλά,
263 1619 307 1695 οῦς
326 1615 442 1686 ἄκουσε
462 1621 521 1704 τὴν
542 1620 686 1706 ἐξήγησιν
706 1623 817 1688 αῦτοῦ.

15 1703 17 1722 ’
210 1711 315 1784 Ἦσαν
335 1722 369 1783 δὲ
390 1724 434 1806 τῷ
454 1723 555 1806 καιρῷ
568 1725 675 1808 ἐκείνην
689 1727 772 1803 μέσα
793 1725 837 1796 εἰς
858 1721 893 1786 τῦ
910 1723 1035 1806 σαράγη
1057 1723 1114 1786 τοῦ
1134 1702 1243 1786 σουλ.1
1280 1763 1285 1770 =

15 1827 16 1832 ’
91 1816 230 1888 15τάυου
254 1819 471 1900 εὐγενέστατοι
502 1822 557 1884 κατ’
576 1823 822 1903 πεπαιδευμένοι
854 1821 967 1904 ἕκτην
991 1825 1225 1903 Τραπεζοῦντα.

130 1916 195 1982 ἀπὸ
218 1917 295 1991 τοῦς
317 1917 444 1994 ὁποίους
459 1913 572 2003 η’τονῦ
598 1919 693 2000 ἕνας,
718 1921 787 1995 υἱὸς
809 1924 864 1986 τοῦ
882 1918 1091 2003 Ἀμηροῦτζη,
1114 1917 1132 1981 ri
1154 1923 1228 1982 Me·

127 2022 227 2098 χεμὲτ
250 2023 328 2101 πεϊς,
348 2017 537 2100 λογιώτατος
558 2019 612 2083 κατ’
634 2017 816 2104 σοφώτατος
837 2023 882 2094 εἷς
909 2018 944 2082 τὸ
963 2015 1140 2104 Ἑλληνικόν
1161 2016 1228 2098 μῦ-

127 2121 220 2207 θημα
242 2120 297 2180 καί
316 2118 360 2192 εἰς
382 2117 418 2182 τὸ
439 2119 620 2202 Ἀραβικόν.
670 2120 763 2184 τόσον
785 2120 845 2202 γὰρ
877 2113 948 2202 ἦτον
969 2117 1155 2204 σοφώτατος
1180 2111 1228 2180 ὅτι

131 2213 171 2278 τῦ
193 2220 303 2295 βιβλία
324 2216 373 2284 τῦ,
398 2216 487 2280 ε’δικοί
509 2242 573 2299 μας
601 2223 665 2282 τοῖν
685 2222 888 2301 Χριστιανῶν
918 2218 955 2284 τῦ
986 2214 1229 2299 ἑμεταγλαῦιτισε

15 2345 16 2352 ³
93 2316 177 2387 χοεῖς
197 2313 254 2397 τήν
282 2313 455 2398 Ἀραβικὴν
491 2321 618 2399 γλιῦσσα
641 2317 695 2382 διὰ
729 2314 865 2400 ὁρισμοῦ
897 2321 955 2384 τοῦ
984 2317 1167 2384 σουλτιὶνου.
1212 2317 1228 2378 o‘

131 2412 191 2496 γὰρ
213 2413 383 2488 σουλτοὲνος
406 2417 458 2478 aaa
480 2414 579 2480 ἔπαυε
601 2421 675 2481 ποτὲ
697 2415 734 2480 νῦ
758 2420 857 2501 μηδὲν
879 2419 983 2506 ε’ρτοτρῖ
1003 2417 1058 2481 τὸν
1081 2413 1157 2480 υἱὸν
1172 2414 1230 2478 τοῦ

135 2511 333 2598 Αμηροῦτζη
362 2514 406 2588 οῦς
437 2517 539 2599 σοφὸν
572 2507 752 2602 ἄνθρωπον,
783 2521 838 2581 καί
862 2507 977 2591 ῦλλους
1005 2513 1125 2600 σαφοῦς
1146 2512 1228 2576 ὀποῦ
1308 2579 1312 2586 .

133 2771 257 2824 docentis
274 2771 355 2824 melle
377 2771 482 2824 dulcior
501 2771 603 2825 fluebat
620 2774 717 2824 oratio.
753 2771 871 2840 linguam
899 2772 1001 2840 quippe
1021 2771 1097 2840 copia
1116 2779 1143 2822 et
1162 2787 1224 2822 sua.

134 2845 218 2894 vitate
236 2842 388 2894 mirabilem
416 2842 555 2906 habebat,
577 2843 767 2912 doctrinasque
787 2861 848 2895 suas
867 2843 958 2894 multis
979 2853 1113 2892 sacrarum
1131 2841 1224 2891 litera·

132 2931 192 2964 rum
212 2914 342 2996 exemplis
363 2913 544 2996 pulcherrime
575 2915 712 2982 explicans
733 2913 901 2976 illustrabat,
918 2914 955 2963 ita
973 2921 1004 2963 nt
1022 2920 1123 2963 motum
1145 2915 1226 2962 alier-

134 2993 176 3036 rel
202 2985 316 3034 cuiusvis
335 2983 453 3036 h0mini5
479 2985 570 3034 {inimo
599 3001 715 3054 &Unique
746 3001 937 3052 compungens
980 2999 1044 3034 Sane
1071 2999 1226 3051 qtiilssqllilm
1317 3001 1320 3006 “

134 3055 286 3122 complures
305 3054 354 3104 illo
373 3063 494 3122 tempore
515 3055 700 3106 doctissimi'
677 3057 725 3106 vrri
744 3054 961 3115 inveniebantur,
980 3071 1059 3105 nemo
1082 3052 1225 3103 abundam-
1254 3053 1256 3063 '

133 3127 171 3176 tia
192 3133 219 3176 et
237 3132 377 3176 venustate
406 3126 535 3175 orationis
565 3141 624 3175 cum
645 3127 704 3194 ipso
733 3127 878 3195 adaequari
907 3134 1021 3208 poterat.
1060 3133 1113 3176 tam
1135 3123 1226 3174 excel-

134 3196 193 3246 lens
213 3197 285 3244 enirn
306 3194 448 3260 theologus
467 3204 525 3246 erat
543 3204 572 3244 ut
592 3196 732 3248 celebritas
754 3199 871 3247 nominis
899 3199 957 3246 eius
978 3196 1128 3246 adsultant
1150 3210 1226 3244 aures

133 3267 296 3334 perveniret
332 3281 363 3314 ac
380 3281 442 3316 mox
463 3266 603 3333 adipsum
623 3269 705 3329 misit,
724 3269 815 3328 utsibi
839 3267 1092 3332 ειηιλίοοῑῐοσειιιὸ.
1112 3265 1227 3330 symboli

136 3337 200 3386 niter
217 3345 326 3386 nostrae
345 3335 476 3386 “'credo
469 3350 601 3386 inunum
620 3336 715 3395 (lenm,
733 3347 835 3405 patrem
861 3336 1091 3403 omnipotentens
1112 3335 1229 3386 conscri-

135 3407 223 3458 beret¹
258 3405 409 3474 proinde
401 3423 430 3456 ιιι
452 3421 482 3456 ea
500 3410 726 3458 commentatione
754 3406 905 3486 patriarcha
926 3406 1083 3464 elaboravit,
1104 3406 1231 3454 omnino-

136 3493 190 3545 que
211 3475 374 3542 theologice,
393 3485 421 3528 et
441 3477 584 3528 artificiose
602 3494 650 3545 pro
667 3479 764 3528 eximia
783 3475 917 3544 sapientia
936 3491 982 3525 sua
1005 3475 1130 3535 absolvit,
1149 3483 1230 3542 atque

136 3547 171 3598 ad
192 3546 327 3597 sultanum
350 3548 430 3598 misit.
469 3548 517 3616 qui
536 3556 566 3599 ut
584 3549 689 3618 accepit
710 3556 738 3600 et
764 3547 926 3599 sententiam
948 3545 1004 3596 aios
1022 3545 1153 3613 percepit,
1172 3561 1231 3593 ma·
1281 3571 1287 3583 =

136 3634 187 3685 goa
209 3617 348 3686 voluptate
370 3621 481 3668 allectos
503 3626 551 3667 est.

208 3703 343 3754 Vivebant
370 3705 418 3754 ilia
442 3712 601 3772 tempestate
622 3705 650 3755 iu
676 3669 778 3788 palatio
800 3704 872 3770 regio
903 3701 1066 3753 nobilissimi
1088 3707 1115 3751 et
1133 3697 1232 3750 eruditi

135 3774 278 3832 homines,
309 3791 342 3824 ex
360 3775 426 3824 urbe
446 3775 614 3842 Trapezunte
646 3776 714 3835 orti,
741 3792 755 3825 e
784 3775 882 3842 quibus
903 3782 959 3823 erat
984 3791 1052 3823 rinus
1073 3773 1230 3822 Amerutzae
1316 3785 1348 3802 =·

139 3847 220 3904 lilius,
242 3843 409 3896 Mechemeto
428 3845 520 3910 begua,
542 3844 710 3895 doctissimus
728 3853 755 3894 et
776 3845 969 3894 scientissimus
993 3852 1047 3893 turn
1068 3845 1231 3891 Graecarum

137 3925 195 3966 tom
215 3913 386 3964 Arabicarum
414 3915 562 3964 literarum.
608 3923 683 3965 tanta
704 3931 820 3983 namquo
849 3916 953 3982 inipso
984 3914 1105 3963 doctrina
1125 3919 1182 3960 erat
1201 3919 1232 3961 ut

137 3986 221 4035 libros
240 3993 355 4046 nostroe,
374 3985 552 4035 Christianam
573 3987 648 4034 reiio'
625 4002 729 4051 ρισιιειιι
749 3985 919 4034 continentes
939 3993 965 4033 et
985 3984 1060 4044 aiios,
1082 3985 1155 4031 irrssu
1176 3982 1232 4031 sul

137 4057 194 4106 tani
209 4073 237 4106 ιο
250 4055 390 4106 Arabicam
410 4055 568 4106 transferret
591 4024 644 4105 tini
632 4073 717 4122 ροοιιι.
736 4072 874 4123 nunqnam
902 4057 971 4104 euim
992 4055 1070 4102 linem
1093 4069 1125 4102 err
1144 4069 1184 4135 eo,
1203 4060 1233 4102 ut

139 4125 244 4178 erudito
264 4125 394 4190 bomine,
414 4135 440 4178 et
466 4143 498 4176 en
522 4127 581 4176 aliis
601 4125 686 4178 doctis
711 4127 804 4177 aulicis
827 4124 860 4176 de
888 4125 941 4176 iirle
961 4123 1113 4176 Christiana
1141 4123 1232 4176 scisci·
