2946 4830
594 1039 738 1182 vra)

202 1270 324 1342 Οἱδοοί
342 1272 397 1348 τὰς
410 1264 584 1356 ἔνίιβουλοὶς
600 1273 713 1356 adeda,
737 1274 792 1335 καί
810 1273 919 1354 μέλλει
936 1269 975 1337 ael
997 1275 1218 1342 καταναυοουιι

110 1372 188 1452 τούς
208 1375 320 1450 τόπους
344 1369 483 1448 ἐκείνους
507 1371 561 1437 καί
579 1371 655 1449 τοδς
673 1367 883 1456 ἀνθρώπους·
928 1373 999 1438 ἀλλ’
1018 1373 1110 1459 ἡμεῖς
1133 1369 1218 1462 <iiix-

111 1494 216 1551 νοντες
238 1477 283 1550 εἰς
303 1471 339 1537 εδ
363 1479 511 1554 μαντείου
536 1477 595 1538 aori
615 1471 826 1555 Ἀπόλλωνος,
847 1469 919 1559 ἔτζη
939 1477 1004 1555 μᾶς
1025 1475 1152 1554 ἐδίδαξε
1175 1475 1216 1544 νδ

45 1579 50 1588 “
113 1578 267 1660 φύγωμεν
288 1574 414 1660 διιείνην
442 1572 501 1658 την
528 1573 643 1658 δργήν·
697 1571 752 1638 καί
779 1572 1033 1662 ἔχομενβοηθόν
1059 1575 1217 1643 τὸνθεόν

89 1675 169 1742 iria
192 1679 290 1741 Πᾶνα
302 1722 312 1752 ,
335 1671 369 1750 δς
389 1671 596 1759 ἑρμηνεύεται
616 1673 689 1750 θεὸς
711 1677 774 1739 τῶν
805 1672 940 1739 πάντων.
984 1676 1038 1739 καί
1059 1675 1216 1742 ἀκούσαν-

112 1801 164 1854 τες
188 1773 218 1842 ολ
239 1779 272 1842 ἒν
297 1779 411 1863 Τριίικη
434 1773 522 1860 παρὰ
545 1777 602 1840 rori
620 1769 795 1850 Ἀτλαντος
810 1777 911 1840 ταῦτα
927 1777 1088 1860 ἐχάρησαν
1109 1775 1217 1864 χαρδν

111 1875 261 1964 μεγάλην,
283 1880 338 1941 καί
360 1877 535 1964 ἑφίλευσοιν
558 1875 676 1950 adrosis
700 1875 911 1962 φιλοφρόνως.
956 1875 1010 1941 καί
1029 1879 1217 1962 renumerare
1302 1908 1307 1920 ·

113 1977 146 2041 τὸ
168 1977 295 2043 Πίνδου
319 1970 393 2060 ὅρος
412 1969 510 2062 ἦλθεν
530 1971 546 2040 ὃ
566 1976 656 2058 λόγος
678 1977 723 2051 εἰς
744 1975 801 2040 τδν
821 1971 1046 2059 Δομδσεριον,
1068 1981 1216 2056 ἐξουσια-

114 2074 191 2162 στὴν
212 2079 269 2162 τῆς
288 2077 451 2161 Ἠπείρου,
474 2079 529 2141 scus*
551 2074 718 2158 ἐθαύμαζε
730 2077 796 2150 πῶς
815 2074 871 2139 καί
890 2075 921 2139 τί
939 2079 1047 2157 μέλλει
1068 2078 1107 2141 voi
1129 2079 1214 2165 κοίμη
1266 2065 1269 2072 ’

76 2173 205 2244 λοεόοον
228 2177 370 2262 πλῆθος,
399 2178 452 2241 καί
471 2173 570 2240 ἔδωκέ
589 2197 663 2250 τους
691 2177 847 2260 στράτου,
878 2174 933 2240 καί
963 2175 1137 2263 ἑδιᾰβησον
1157 2175 1213 2242 διὰ

146 2391 170 2465 *)
182 2390 382 2458 Fragmentum,
403 2387 477 2458 qood
496 2387 618 2459 sequitur
636 2387 803 2451 historicum,
823 2387 913 2440 datum
925 2389 989 2440 mibi
1003 2397 1045 2458 est
1056 2407 1128 2442 anno
1144 2391 1214 2446 1806

182 2461 216 2512 ab
230 2463 357 2530 episcopo
369 2461 544 2530 Dryuopolis,
563 2477 646 2529 quum
659 2461 688 2512 in
697 2460 911 2530 ringeln-Castro
921 2477 1046 2512 morarer.
1065 2464 1215 2514 manuscri-

180 2541 265 2601 ptum,
278 2532 451 2600 complexens
459 2531 555 2599 viginti
568 2532 679 2602 paginas
689 2533 810 2600 scriptas,
820 2547 900 2598 parva
911 2529 997 2582 sorma
1008 2539 1114 2601 quarta,
1123 2549 1214 2604 neque

181 2605 289 2655 initium
300 2601 420 2654 babebat
431 2619 522 2674 nsque
534 2599 622 2652 finem.
635 2599 739 2672 PouQ.
759 2599 830 2652 idem
841 2601 936 2670 p.35'l:
953 2605 1121 2672 scriptorem,
1132 2619 1214 2672 quem

181 2675 259 2737 verti,
274 2691 306 2726 ex
317 2675 380 2726 stilo
393 2675 528 2724 conticere
542 2689 591 2724 nos
604 2674 678 2736 sinit,
691 2673 826 2742 scripsisse
844 2690 907 2727 eum
916 2673 1029 2726 ineunte
1041 2673 1098 2726 sere
1108 2674 1214 2728 decimo

182 2746 298 2814 septimo
335 2745 459 2810 saeculo,
488 2752 517 2795 ct
546 2746 695 2814 opuseins
725 2745 976 2812 interpretationem
1004 2761 1061 2796 esse
1093 2761 1215 2813 graecam

181 2817 315 2884 vulgarem
336 2833 369 2868 ex
388 2815 594 2888 manuscriptis,
623 2832 693 2884 quae
713 2816 886 2882 ignoramus,
915 2825 993 2867 etex
1012 2815 1214 2882 traditionibus,

183 2903 252 2958 quae
271 2887 344 2958 apud
365 2879 464 2937 Bardos
483 2887 538 2938 sive
559 2885 702 2938 montanos
718 2885 850 2937 Albaniae
871 2885 942 2936 altae
962 2887 1144 2954 reperiuntur,
1164 2885 1213 2940 ubi

182 2967 212 3010 ut
231 2957 304 3030 aprrd
323 2959 436 3010 rusticae
457 2958 574 3020 Scotiae,
594 2955 764 3012 heroicorum
785 2965 934 3026 temporum
954 2957 1067 3008 historia
1094 2959 1122 3008 in
1152 2975 1212 3009 car.

182 3031 300 3080 minibus
329 3025 508 3100 popularibus
536 3037 640 3080 serrata
669 3035 719 3080 est.
758 3027 1001 3097 Chrouograpbus,
1027 3029 1109 3098 plane
1136 3028 1211 3081 rudis

183 3101 308 3164 criticae,
330 3101 401 3151 nihil
429 3099 563 3168 qnaesivit
580 3099 631 3152 nlsi
660 3100 735 3170 quod
755 3101 840 3170 ipsius
869 3101 1057 3170 imaginationi
1076 3101 1212 3192 ppcebat,

184 3179 211 3222 et
231 3169 264 3222 de
283 3166 383 3222 fabulis
402 3187 483 3242 quam
500 3173 613 3222 manime
639 3171 739 3240 ineptis
761 3178 870 3240 peccata
897 3175 926 3224 in
950 3173 1079 3243 temporis
1105 3174 1210 3225 ratione

183 3243 372 3306 accumulans,
404 3243 526 3294 ordinem
546 3239 767 3310 chronologicum
798 3243 960 3312 posthabuit
978 3243 1110 3298 insolenti
1128 3243 1213 3297 amori

182 3328 269 3366 reram
288 3313 467 3366 mirificarum.

624 3513 707 3610 Vl.

213 3745 263 3803 Dei
283 3745 395 3796 consilia
415 3761 506 3795 eorum
517 3781 527 3807 ,
557 3751 585 3794 et
609 3744 774 3795 crematurus
799 3751 856 3795 erat
880 3744 940 3796 loca
960 3750 988 3796 et
1007 3743 1146 3812 homines,
1164 3745 1212 3798 sed

114 3835 162 3868 nos
181 3832 324 3866 conversos
343 3817 376 3866 ad
396 3815 535 3866 oraculum
547 3813 681 3883 Apollinis
700 3815 756 3866 illa⁴
768 3814 886 3877 edocuit,
905 3816 1043 3886 quomodo
1058 3818 1123 3867 iram
1135 3815 1210 3866 illam

113 3891 265 3950 vitaremus,
286 3896 313 3938 et
332 3886 433 3938 auxilio
454 3885 626 3936 adhibuimus
648 3885 726 3936 eleum
750 3887 828 3948 Pana,
849 3887 895 3956 qui
916 3887 1014 3938 elicitur
1036 3886 1102 3938 deus
1122 3903 1211 3938 rerum

113 3959 241 4010 omnium.
279 3957 432 4029 quodcum
452 3957 620 4010 audivissent
640 3971 673 4007 es
694 3955 802 4009 Atlante
824 3957 934 4010 Triccne
953 3957 1075 4022 incolae,
1096 3973 1219 4025 rnagnor

113 4045 175 4099 pere
195 4025 285 4098 gavisi.
297 4037 377 4090 runt,
395 4045 497 4100 eosque
515 4027 674 4082 amicissime
693 4037 873 4096 exceperunt,
894 4037 1007 4100 cumque
1025 4029 1067 4080 illl
1093 4027 1223 4082 Pindum.

111 4109 230 4153 mentem
251 4107 418 4170 superarent,
440 4101 554 4152 relatum
575 4109 615 4152 est
633 4099 668 4150 sd
686 4099 880 4164 Demetrium,
900 4100 1159 4171 principem-Epiri,
1181 4108 1208 4154 et

112 4173 238 4238 miratus,
271 4171 337 4245 quid
354 4169 503 4233 multitudo
523 4177 598 4232 tanta
617 4177 688 4226 esset
704 4179 814 4238 actura,
834 4174 886 4228 iter
904 4173 942 4224 iis
956 4173 1105 4240 concessit,
1131 4171 1206 4245 (nem
