2954 4816
505 231 824 376 rnrnnncmcn.
1169 275 1217 348 97
1247 233 1264 334 s

117 434 287 508 βασιλείας
320 430 438 507 αὐτοῦ,
467 425 529 490 «tut
554 427 627 502 τούς
662 430 808 512 πρώτους
829 431 886 494 rori
905 429 1001 494 τόπου
1023 431 1143 496 ἐκείνου
1165 436 1222 514 τῆς

123 531 380 610 Τραπεζοῦντος,
406 531 460 592 καί
481 521 558 610 ἦτον
577 523 704 610 ἔγγονος
735 530 792 592 τοῦ
809 525 941 610 Ἰοίγαρι,
963 535 1019 610 τῆς
1042 528 1221 614 θυγατερός

117 649 177 692 του
199 625 290 701 υἱός·
338 624 454 707 ὁμοίως
486 625 542 690 καί
568 625 584 690 ὃ
607 630 790 707 Μαχυμέτα
816 629 955 710 παστοῖς,
985 631 1020 690 εἰτ
1041 629 1096 709 τῆς
1123 620 1221 712 ἄλλης

118 723 285 810 θυγατρός
307 728 363 789 τοῦ
383 724 511 810 Ἰιίγαρι,
533 725 615 788 duod
634 717 707 808 η’τρν
728 725 773 800 είς
794 723 852 808 τη“ν
873 728 1018 809 Σερβίαν.
1072 724 1128 790 καί
1150 720 1222 810 η’τον

93 823 223 898 ὀαύτύς
244 823 260 886 o‘
282 824 570 906 πρωτοβεστιιὶριος,
586 832 653 904 μετ’
676 825 776 888 αὐτοῦ
804 827 860 888 τοῦ
880 827 981 890 uoueri
1003 828 1124 905 πρῶτοι
1148 825 1221 901 iid-
1267 827 1270 834 ’

117 924 250 1006 deinoi,
273 923 330 986 ὐύο
358 920 552 1008 α’δελφοὶδων
570 921 600 988 οἱ
624 920 698 990 υἱοί.
740 927 797 986 καί
814 918 881 1005 εἶχε
902 928 1082 1006 παρρησίαν
1105 927 1149 1000 εἰς
1167 923 1221 990 τόν

117 1021 297 1086 σουλτιένον
330 1024 382 1084 διὰ
416 1015 517 1102 ὄνομα
538 1025 598 1086 τοῦ
618 1027 720 1086 nasici
750 1025 807 1086 τοῦ
828 1026 1003 1106 ἐξαύἑλφου
1026 1045 1090 1086 του.
1134 1018 1221 1104 ὅμως

117 1115 272 1192 rodrogo
303 1123 590 1203 πρωτοβεσταίριος
619 1115 691 1202 εἶχε
715 1131 848 1202 γυναῖκα
878 1121 1011 1201 νόμιμον
1034 1124 1090 1186 καί
1107 1125 1222 1188 nordio
1253 1117 1258 1120 ⁸

116 1221 188 1297 μετ’
211 1221 323 1301 αὐτῆς.
368 1217 384 1280 ὁ
408 1222 443 1284 δὲ
464 1219 635 1294 σουλτάνος
655 1219 756 1302 ὐπῆγε
782 1222 950 1301 προτίτερα
970 1225 1025 1282 καί
1048 1223 1222 1304 ἐπολέμησε

80 1315 322 1398 ιοτηνἈθῆνα
344 1316 399 1380 καί
418 1316 475 1400 τὴν
495 1316 609 1401 ἐπῆρε·
659 1311 740 1402 ἦσαν
773 1319 808 1382 δὲ
839 1315 908 1382 τότε
929 1317 1037 1400 χρόνοι
1074 1315 1135 1382 αἰιὸ
1156 1320 1222 1382 κτί·

119 1439 202 1496 neore
233 1413 354 1496 κόσμου
386 1419 439 1497 ἓξη
468 1415 612 1498 χιλιάδες
642 1415 815 1480 ἐννακόσιοι
844 1415 1117 1500 ἐξηνταιέσσαροι.
1168 1415 1224 1480 καί

117 1511 174 1576 τὸν
196 1513 354 1597 αὐθέντην
373 1515 441 1594 ’τῶν
458 1514 616 1595 Ἀθηνῶν,
640 1513 695 1578 τὸν
714 1511 828 1596 ἔκοψεν
853 1513 928 1598 ἐκεῖ,
953 1513 1012 1598 την
1031 1520 1067 1578 δὲ
1088 1524 1223 1598 γυναῖκα

119 1611 227 1673 αὐτοῦ
248 1615 303 1676 καί
321 1610 358 1676 ro*
379 1615 492 1676 nordio
518 1606 634 1697 ἤφερεν
649 1615 694 1686 εἰς
714 1611 769 1696 την
791 1611 1124 1678 Κυνσταιτινούπολιν
1148 1616 1220 1676 idoi.

119 1703 199 1791 ἦτον
224 1712 260 1773 δὲ
281 1709 365 1792 αὐτὴ
384 1715 544 1794 θυγατέρα
564 1715 664 1796 κυρού
674 1713 862 1796 Δημητρίου
876 1716 934 1775 rori
951 1714 1032 1776 ’Auci
1051 1715 1107 1774 roo*
1122 1705 1222 1796 αἰγιν-

80 1807 176 1882 15τίις
204 1811 259 1891 τῆς
281 1813 462 1894 Κορίνθου,
486 1813 541 1874 καί
570 1803 644 1891 ἦτον
665 1808 765 1874 πολλοὶ
801 1808 1025 1894 εὐμορφοτάτη
1046 1807 1103 1872 καί
1122 1811 1166 1883 τίς
1186 1809 1222 1874 τὸ

120 1907 295 1990 πρόσωπον
325 1909 379 1972 καί
400 1910 446 1984 εἰς
468 1905 542 1974 tter
560 1908 594 1973 τό
616 1907 744 1992 κορμη·
795 1909 939 1992 ἠκούσθη
962 1911 996 1972 δὲ
1021 1908 1038 1990 ἡ
1061 1911 1221 1992 εὐμορφία

121 2008 226 2088 αὐτῆς
248 2008 294 2081 εἷς
328 2002 403 2090 ὅλην
421 2007 477 2091 τὴν
512 2011 612 2072 πόλιν.
664 2005 804 2080 α’κούσας
833 2009 869 2070 di
898 2009 941 2070 δι’
965 2007 1065 2089 αὐτὴν
1088 2005 1104 2070 ὁ
1125 2007 1283 2082 αὐτὸςιγν

119 2099 409 2191 π’ριυτοβοστιύριος
440 2108 578 2190 η’θέλησε
609 2105 646 2171 voi
668 2106 726 2189 την
750 2111 821 2170 turn
865 2111 920 2170 καί
944 2093 985 2181 ὧς
1007 2101 1074 2186 εἶχε
1097 2131 1222 2190 παρρη-

120 2207 196 2268 σίαν
215 2208 261 2278 εἰς
280 2204 334 2270 τὸν
368 2206 541 2290 αὐθέντην,
560 2204 656 2284 ἔκαμε
677 2205 794 2280 πολλὰς
820 2209 933 2286 τέχνας
954 2203 1008 2296 καί
1029 2204 1095 2269 ἴδεν
1115 2203 1223 2288 αὐτην.

81 2306 178 2367 tonui
198 2305 308 2378 καθιιῑς
328 2301 394 2369 ἴδεν
414 2304 471 2388 την
493 2300 674 2388 εὐμορφίαν
702 2307 836 2390 ἐκείνης,
859 2301 970 2370 ἔπεισεν
989 2299 1045 2389 ὐλη
1073 2303 1092 2386 ἡ
1115 2305 1222 2388 α’γιίπη

123 2402 225 2466 αὐτοῦ
248 2401 303 2466 καί
325 2398 340 2464 ὅ
364 2400 460 2478 πόθος
496 2405 540 2476 είς
564 2401 685 2488 αὐτην,
708 2405 762 2467 κατ’
781 2402 982 2488 α’τιοφιέσισεν
1003 2405 1047 2478 εἰς
1069 2402 1124 2466 τόν
1144 2399 1221 2464 iun.

125 2497 178 2564 τόν
201 2495 301 2584 τουῆ
330 2499 369 2566 vti
400 2501 457 2583 την
490 2503 591 2586 ἑτάρη
620 2511 753 2584 γυναῖκα
785 2499 806 2586 ἢ
832 2501 870 2566 να
894 2501 1047 2588 α’τιιθοίνη.
1092 2502 1148 2566 καί
1168 2507 1223 2582 τῆς

124 2596 213 2684 ιύρας
236 2597 357 2664 ἔστειλε
393 2598 564 2685 γράμματα
596 2606 651 2666 καί
670 2602 853 2686 μηνύματα,
885 2601 928 2676 ὦς
952 2598 1011 2664 α’πὸ
1030 2605 1147 2685 μέρους
1167 2605 1225 2666 τοῦ

124 2875 178 2941 gari
201 2873 230 2922 in
250 2870 342 2924 Servio
361 2871 447 2922 altera
466 2871 522 2922 filia
541 2871 711 2923 Mochometa
736 2870 814 2922 basso
835 2878 901 2922 erat.
938 2871 976 2922 ita
995 2870 1024 2920 iri
1043 2863 1106 2930 dud,
1124 2877 1221 2938 proto-

99 3003 100 3009 η
123 2943 269 2995 vestiarius
294 2951 321 2993 et
353 2943 447 3004 bessa,
466 2944 537 2994 inter
564 2960 593 2993 se
611 2941 768 2992 consobrini
789 2950 881 3004 erant,
899 2957 945 2992 seu
966 2941 1077 2992 duorum
1100 2957 1221 2992 sororum

123 3016 183 3069 filii.
222 3012 304 3063 huius
323 3020 376 3062 torn
412 3021 484 3064 artae
515 3031 574 3062 cnm
598 3012 673 3063 basse
703 3012 914 3082 propinquitatis
942 3011 1039 3062 fiducia
1060 3011 1128 3062 freto
1152 3011 1221 3062 liber

123 3084 334 3154 protovestiario
354 3083 387 3132 ad
406 3099 494 3150 regern
514 3100 635 3133 accessus
663 3081 783 3152 potebat.
822 3082 940 3134 habebat
959 3092 1048 3133 autem
1067 3091 1132 3133 tunc
1152 3081 1221 3149 legi-

124 3158 189 3206 time
208 3153 262 3204 sibi
283 3155 436 3222 copulatam
457 3171 564 3204 uxorem
593 3161 620 3204 et
651 3153 752 3204 liberos
773 3171 804 3204 ex
827 3171 866 3204 en.
908 3154 1030 3204 soltanus
1050 3163 1138 3203 autern
1157 3161 1220 3222 ante
1287 3165 1292 3174 ·

124 3226 151 3275 id
172 3235 280 3292 tempus
309 3241 368 3274 cunr
387 3225 506 3274 exercitu
533 3223 658 3273 adversus
690 3224 782 3274 urbem
802 3223 965 3274 Athenarum
995 3225 1131 3291 profectus
1162 3241 1221 3274 eum

123 3304 248 3364 ceperat,
276 3297 347 3345 anno
377 3295 410 3344 ab
435 3295 499 3344 orbe
531 3293 640 3343 condito
660 3289 738 3345 6964.
773 3303 838 3344 tunc
856 3293 1016 3345 Atheniensi
1046 3295 1113 3344 ciuce
1132 3311 1220 3357 caeso,

80 3407 83 3410 .
124 3383 236 3416 uxorem
257 3373 284 3415 et
303 3365 402 3414 liberos
423 3366 481 3414 eius
503 3363 556 3414 huc
575 3363 673 3432 Cpoiin
692 3365 856 3414 traduxerat.
893 3372 951 3414 erut
970 3381 999 3414 ea
1020 3365 1149 3432 principis
1163 3361 1220 3415 Co-

123 3436 206 3488 rinthi
220 3475 228 3497 ‚
254 3435 384 3486 Demetrii
408 3436 520 3496 risonis,
544 3435 616 3497 iilia,
635 3434 736 3483 formae
756 3433 903 3499 dignitate,
928 3450 981 3501 qun
999 3435 1066 3483 socie
1086 3451 1137 3501 que
1159 3442 1218 3484 toto

123 3523 247 3575 corpore,
267 3507 346 3572 longe
360 3506 603 3566 excellentissima,
631 3521 719 3574 eoque
747 3505 856 3555 nomine
876 3521 925 3572 per
943 3511 1027 3552 totum
1045 3502 1137 3551 urbem
1160 3505 1217 3554 cla-

123 3579 227 3628 rissima
255 3585 282 3626 et
307 3576 490 3626 celeberrima.
533 3593 592 3625 cnm
618 3575 711 3643 itaque
740 3576 811 3624 fame
840 3581 892 3624 tarn
911 3573 1024 3622 illustris
1045 3572 1162 3622 feminae
1182 3574 1217 3622 ad

123 3664 203 3697 aures
230 3647 427 3714 protovestiarii
448 3648 629 3712 pervenisset,
653 3648 710 3696 eius
738 3645 871 3696 videndae
898 3643 997 3712 cupido
1023 3644 1140 3693 animum
1160 3645 1217 3694 eius

124 3719 244 3768 incessit.
280 3733 328 3784 pro
348 3718 430 3783 gretia
452 3717 533 3782 igitur
554 3727 580 3766 et
598 3717 726 3766 libertate
748 3713 909 3774 accedendi,
937 3732 989 3783 qun
1008 3714 1079 3780 apud
1102 3716 1218 3782 impera.

125 3797 211 3839 torem
230 3787 364 3855 pollebat,
383 3788 461 3836 variis
480 3786 693 3844 effecittechnis
714 3794 745 3837 ut
770 3786 876 3838 tondent
896 3787 971 3836 illam
991 3785 1100 3835 videret,
1139 3792 1217 3852 post-

124 3875 205 3926 quam
227 3859 284 3907 eius
303 3866 472 3907 venustatem
491 3859 645 3925 conspexit,
663 3865 721 3906 toto
748 3858 829 3906 animi
849 3858 950 3925 impetu
969 3857 997 3906 in
1017 3871 1132 3904 amorem
1153 3873 1214 3903 mu-

124 3929 199 3978 lieris
220 3928 293 3987 ferri,
312 3936 340 3978 et
358 3929 428 3978 intra
449 3945 479 3979 se.
497 3928 551 3978 tate
574 3926 711 3978 decretum
735 3928 831 3988 facere,
850 3937 898 3978 eut
918 3943 974 3977 enm
994 3927 1044 3976 sibi
1066 3923 1216 3975 ducendam

125 4013 237 4048 uxorem
264 4006 310 4048 ont
336 3997 530 4049 emoriendum.
577 3999 836 4067 itaque'entempio
867 3999 958 4048 literas
986 4005 1013 4046 et
1044 3996 1215 4062 petitionem,

125 4076 267 4135 praetento
287 4067 381 4118 bassae
402 4071 529 4128 nomine,
556 4067 590 4116 ad
609 4066 784 4136 patriarcham
804 4069 886 4130 misit,
907 4083 961 4136 quo
983 4065 1099 4134 benigno
1116 4065 1216 4118 solun-

125 4147 182 4189 tate
201 4145 363 4206 potestatem
391 4139 444 4192 sibi
465 4137 604 4191 ducendae
622 4138 742 4194 mulieris
767 4137 851 4191 daret.
889 4136 1039 4208 patriarcha
1058 4153 1120 4190 vero
1139 4139 1215 4189 nulia

14 4229 17 4282 Ι
152 4231 218 4282 Hist.
232 4240 288 4302 pat.
309 4231 357 4286 GP.
1004 4230 1019 4282 7
