2922 4824
216 296 219 302 ’
304 285 375 368 68»
460 326 465 335 s
699 297 945 362 ‘ursmare

303 451 375 516 υἱόν
396 449 423 514 οἱ
448 452 481 514 ἐν
501 452 580 512 τέλει
603 445 658 510 rat
689 449 716 512 οἱ
738 451 934 530 βεζιριὸες,
946 444 1133 566 676666261
1130 448 1272 528 ’πλῆθος
1297 449 1390 568 6606,
1445 419 1446 514 6

253 595 262 611 ,
303 543 422 634 ἤγαγον
448 546 526 629 πρὸς
550 544 601 610 τὸν
631 549 748 630 πατέρα
769 547 887 626 αὑτοῦ,
910 545 964 609 καί
981 543 1192 628 ε’προσκύνησε
1213 547 1267 608 καί
1290 543 1390 628 η’σπο-

303 673 379 714 οαιο
403 646 458 730 τὴν
480 654 574 768 χεῖρα
597 647 707 729 αὐτοῦ,
729 641 837 708 ιιαιΗ
804 640 888 708 ου’τιο
910 635 1002 707 καί
981 668 1077 724 auam,
1100 641 1295 726 οἱςεῖρηται,
1319 644 1391 705 α’νε-
1445 675 1446 736 η

300 749 427 863 χώρησε
447 751 499 830 τῆς
522 745 698 828 ἡγεμονίας.
741 743 758 808 6
777 749 877 828 γέρων
899 747 942 808 66
954 744 1145 820 ἐξελθών
1107 769 1161 827 της
1180 741 1339 819 πόλεως’
1321 769 1391 807 επο-
1445 737 1446 852 6

301 847 413 930 ρεύετο
435 845 510 930 πρὸς
542 843 576 910 τὸ
606 845 840 926 Διοομὸτειχον
876 843 910 906 τὸ
935 841 1014 927 πρὸς
1044 843 1314 928 Ἀοριανούπολιν.
1361 847 1446 912 665

302 951 337 1012 66
360 971 401 1033 τιο
388 944 616 1028 πορεύεσθαι
637 944 720 1025 μετσὶ
751 941 848 1008 εἴκοσι
872 944 991 1026 ἡμέρας
1013 940 1209 1062 ἐτελεύτησε,
1241 946 1295 1008 καὶ
1315 941 1392 1030 ἔφα·

301 1071 357 1130 ρον
379 1044 433 1110 τον
456 1043 566 1128 νεκρὸν
587 1045 684 1108 nv'te6
705 1040 738 1106 ὲν
760 1068 796 1130 τη
785 1042 901 1104 πόλει
924 1067 976 1105 και
973 1040 1151 1123 '’63an
1137 1067 1170 1106 εν
1191 1045 1232 1129 τῷ
1253 1043 1304 1107 ὑπ’
1331 1044 1392 1107 66-

299 1148 358 1208 τοῦ
375 1147 576 1264 αἰιγερθὲντι
602 1145 668 1230 ναῷ
701 1139 883 1223 ἃλέηουοιν
909 1137 1097 1262 Ἰμαριῗτιον
1140 1144 1336 1264 διεφημισθη
1358 1143 1446 1204 δὲ

299 1237 345 1306 ὅτι
367 1241 384 1305 6
405 1237 912 1362 Γιανουσπασιᾶςὲηυαρμὰκιοσεν
943 1237 1052 1304 αι’τόν·
1104 1241 1173 1303 ἀλλ’
1196 1240 1253 1302 066
1275 1233 1324 1357 66,
1349 1235 1391 1302 οἷ.

298 1368 368 1424 μαι,
391 1347 543 1424 τοιοῦτον,
561 1340 673 1404 ἀλλ”
651 1341 713 1404 υπό
740 1340 839 1424 ου’πης
860 1340 1023 1462 διρρριὶηη
1067 1343 1233 1422 διεπέρασε
1255 1338 1316 1458 ηοὶρ
1339 1327 1446 1452 ιη’νὶοξ

300 1442 384 1524 ζιοην
406 1443 506 1504 αὑτοῦ
527 1443 560 1504 ἐν
581 1438 666 1525 πιέσῃ
688 1440 829 1528 εὐτυχίη,
853 1465 903 1502 και
900 1441 1083 1527 δυστυχίᾳ
1105 1438 1210 1504 πεσών
1230 1437 1287 1502 066
1310 1442 1388 1524 666
1445 1429 1446 1564 6

207 1527 210 1540 ¹
299 1539 382 1626 νηθη
406 1543 525 1623 φέρειν.
574 1533 614 1622 ἦν
645 1542 696 1623 66,
718 1563 762 1613 ως
782 1535 904 1624 ελεγον
924 1537 1390 1655 ιαπεινὸρνρωνείρηνιιιὸςδί
1445 1535 1446 1640 6

231 1650 243 1660 “
300 1662 389 1716 καιος
411 1641 522 1720 πρᾶος.
563 1629 661 1716 ἑξῶν
694 1661 745 1701 και
769 1634 799 1700 οἱ
820 1640 997 1756 γενίτζαροι
1025 1635 1069 1720 μὴ
1090 1634 1330 1717 ταπεινούμενοι
1352 1637 1392 1713 οἷς
1445 1641 1446 1734 6

257 1737 375 1820 aester,
396 1735 841 1855 60666266016016066266
861 1739 902 1800 ου’
920 1735 1017 1818 μόνον
1048 1737 1148 1810 οιιιιας
1166 1737 1327 1818 Ἑβραίων
1341 1737 1393 1800 κατ’
1445 1735 1446 1822 6

300 1841 505 1921 Χριστιανῶν
520 1831 604 1900 ἀλλὰ
630 1861 683 1900 και
711 1835 856 1953 Tn6punv
876 1836 931 1900 καὶ
949 1839 1056 1900 αὐτῶν
1070 1835 1236 1900 πασιιὶοιον
1257 1834 1390 1898 νατεπιέ-
1402 1823 1446 1932 1οξ

297 1964 413 2022 τησαν,
447 1963 498 2000 και
495 1935 700 2019 διήρπασαν
729 1934 828 2000 πάντα
860 1935 900 2000 τὰ
930 1937 964 2000 ἑν
997 1937 1111 2009 αὐτοῖς.
1161 1941 1253 2020 φιλοῖ
1268 1933 1329 2052 γοὶρ
1354 1935 1390 1999 τα

300 2035 432 2102 τοιαῦτα
459 2040 603 2117 γίνεσθαι
632 2037 707 2124 παρ’
735 2035 844 2100 ου’ταῖν
872 2038 1030 2098 ου’θὲντον
1057 2030 1205 2116 τυχόντες
1234 2034 1391 2098 sororium.

382 2134 582 2254 Ποιηοαντσς
603 2133 705 2199 τοίνυν
727 2139 786 2200 τοῦ
806 2139 917 2253 κυρίου
934 2140 1103 2200 Διονυσίου
1126 2137 1328 2252 παραίτησιν,
1352 2134 1446 2208 ὡς

296 2259 438 2315 τιπομεν,
454 2231 571 2316 ἐγένετο
586 2259 600 2296 ο
593 2231 742 2358 ‘266666
753 2237 949 2318 πατριάρχης
964 2260 979 2297 ο
971 2229 1229 2316 Μανασσῆς,
1211 2257 1245 2308 ος
1258 2258 1393 2322 μετῳνο-
1445 2203 1446 2288 ξ

238 2377 244 2390 1
297 2333 573 2418 μάσθηΜάξιμος,
584 2358 636 2400 και
648 2327 685 2417 66
700 2331 866 2418 ιῖγιορίτης.
880 2337 960 2416 περὶ
955 2357 1001 2397 ου
989 2327 1271 2455 διεφημίσθηοαν
1281 2332 1393 2414 πολλά,
1401 2339 1446 2432 206

298 2431 478 2508 ov’tsvrtg*
443 2457 499 2518 την
519 2433 672 2515 ἀλήθειαν
686 2431 886 2514 γινώσκοντος
900 2431 978 2516 πλην
992 2456 1048 2533 του
1036 2435 1152 2496 θεοῦ
1194 2431 1341 2517 ἐποίησεν
1362 2435 1394 2499 ἐν

299 2667 441 2724 matutino,
460 2682 593 2734 proceres,
613 2663 696 2728 visiri,
714 2665 751 2731 Ag
738 2679 785 2713 eae
806 2671 834 2715 et
850 2663 996 2716 multitudo
1014 2665 1110 2736 popuii
1136 2666 1289 2734 prontiscua
1305 2665 1391 2714 fliium
1445 2657 1446 2726 6

300 2737 472 2788 deduxerunt
489 2736 522 2786 ad
543 2732 654 2804 patr'em.
691 2736 830 2786 summisse
849 2736 896 2786 iile
917 2735 980 2786 huic
1001 2737 1177 2792 reverentiam
1194 2735 1312 2797 exhibet,
1333 2753 1393 2785 ma·
1445 2735 1446 2800 6

300 2825 364 2858 num
385 2808 443 2857 eins
465 2807 609 2858 osculatur
646 2807 698 2856 hnc
715 2805 805 2868 modo,
824 2807 1116 2875 praetervolantatem
1136 2824 1217 2867 suam,
1237 2805 1391 2858 ntdictnns
1445 2801 1446 2866 ξ

300 2887 358 2940 est,
381 2878 436 2927 filio
457 2895 540 2928 senex
559 2879 700 2945 imperium
726 2879 812 2928 cessit.
859 2877 923 2928 inde
947 2895 981 2928 ex
1006 2879 1072 2930 urbe
1095 2895 1213 2945 egressus
1233 2879 1391 2942 Didymoti-
1445 2877 1446 2888 ¹

231 2961 232 2964 ’
293 2949 388 3008 chum,
408 2949 481 3016 qued
499 2947 740 3014 adAdrianopoiin
760 2956 881 3014 spectat,
901 2948 1039 3016 pergebat.
1075 2949 1147 3000 inter
1166 2949 1392 3016 proficiscendum

300 3029 408 3078 antem,
428 3019 525 3080 diebus
544 3019 639 3085 viginti
658 3027 726 3084 past,
746 3019 817 3069 vitae
838 3020 917 3070 tinem
942 3021 1015 3070 fecit.
1051 3021 1164 3070 relatum
1184 3022 1211 3070 in
1234 3020 1326 3069 urbem
1347 3037 1393 3070 ea·
1445 3017 1446 3072 ἶ

300 3091 381 3141 daver
401 3090 428 3138 iu
448 3089 569 3156 templo,
595 3087 668 3156 quod
687 3089 720 3136 ab
741 3089 797 3156 ipso
818 3091 961 3140 excitatum
983 3089 1137 3142 imaretium
1164 3089 1322 3160 (hospitale)
1342 3107 1393 3159 ap.

302 3161 429 3229 pellatur,
449 3161 586 3208 humatum
605 3166 653 3208 est.
697 3175 814 3226 sparsum
843 3177 946 3210 rumore
976 3161 1028 3212 suit
1054 3163 1077 3212 ei
1106 3179 1237 3211 venenum
1266 3162 1392 3212 nsaiano
1445 3157 1446 3228 ξ

302 3233 379 3282 bassa
411 3230 510 3280 datum.
554 3229 620 3279 mihi
647 3246 710 3279 vero
737 3230 788 3280 hnc
814 3248 869 3280 non
886 3247 977 3281 verum
1005 3231 1127 3293 videtur,
1154 3233 1201 3282 sed
1220 3231 1393 3300 aegritudine
1445 3229 1446 3296 6

302 3302 384 3352 animi
405 3301 554 3368 disruptum
577 3317 644 3351 esse.
687 3318 747 3350 nam
780 3319 838 3352 cum
856 3303 937 3352 vitam
956 3319 1056 3352 summa
1079 3319 1138 3354 cum
1156 3304 1285 3353 felicitate
1306 3303 1344 3354 ad
1364 3302 1394 3352 id

263 3375 284 3450 ’ἢ
303 3389 388 3442 usqne
406 3381 510 3441 tempus
530 3371 704 3434 traduxisset,
733 3381 791 3422 tum
811 3371 918 3423 deinum
937 3374 966 3426 in
982 3375 1162 3424 calamitatem
1181 3373 1308 3443 delapsus
1331 3391 1393 3424 eam

302 3445 372 3504 ferse
399 3461 452 3493 nnn
481 3444 578 3511 potnit.
625 3443 710 3494 fertur·
741 3452 830 3493 autem
859 3443 939 3494 inisse
961 3445 1070 3495 minime
1097 3445 1168 3494 elato
1187 3445 1293 3506 animo,
1314 3445 1394 3513 pacis

302 3530 412 3576 amans,
429 3515 557 3565 'iustitiae
576 3513 722 3574 studiosus,
742 3515 949 3565 inausuetudiue
972 3517 1094 3566 clemens.
1130 3515 1227 3584 quibus
1250 3515 1331 3567 rebus
1354 3515 1397 3564 fa·

303 3594 374 3636 ctam
403 3593 444 3636 est
469 3595 500 3636 ut
527 3586 635 3634 ianizari
653 3601 821 3652 nequaquam
851 3602 882 3634 ea
908 3604 960 3654 qua
980 3603 1028 3653 par
1056 3595 1114 3637 erat
1131 3588 1279 3636 reverentia
1299 3603 1330 3636 se
1351 3587 1396 3636 iili
1445 3583 1446 3642 6

304 3671 408 3722 semper
437 3656 635 3716 summiserint,
664 3655 711 3704 sed
732 3672 922 3722 saepenumero
951 3657 1109 3708 seditionem
1131 3657 1320 3720 excitaverint,
1343 3673 1398 3708 nec
1445 3647 1446 3684 ξ

303 3722 363 3778 tud
364 3742 463 3775 reorum
484 3734 588 3775 tantum
606 3734 633 3775 et
652 3724 870 3790 Christianorum,
889 3726 1090 3779 sedancarum
1111 3728 1201 3790 etiam,
1220 3736 1301 3796 atque
1322 3727 1397 3778 adeo
1445 3759 1446 3790 η

304 3799 422 3866 ipsorum
455 3795 612 3857 bassamm,
640 3795 735 3846 domus
760 3799 954 3864 percusserint,
978 3797 1105 3867 bonaque
1133 3798 1203 3849 inibi
1233 3799 1348 3848 inventa
1367 3801 1397 3848 in
1445 3791 1446 3858 ξ

279 3885 379 3920 ‹suanr
400 3883 454 3917 rem
477 3866 635 3934 praedantes
656 3868 792 3922 verterint
829 3868 874 3918 hic
898 3869 967 3920 enirn
988 3869 1044 3920 iliis
1064 3877 1184 3932 mosest,
1202 3869 1345 3920 remissum
1370 3878 1399 3920 et
1445 3873 1446 3932 ξ

303 3937 488 4003 indulgentem
509 3937 646 3987 dominum
665 3938 759 3988 nactis.
1445 3937 1446 3948 ¹

374 4024 551 4074 Abdicatione
569 4010 764 4093 patriarchatus
782 4042 797 4074 a
817 4025 956 4092 Dionysio,
979 4025 1201 4110 quemadmodum
1220 4042 1298 4094 supra
1319 4025 1400 4077 diui·
1445 4049 1446 4090 ᾗ

305 4111 372 4153 mus,
393 4095 461 4146 facta
480 4095 564 4145 sactus
590 4103 631 4144 est
660 4097 809 4162 patriarcha
829 4096 964 4146 Serrarum
992 4099 1112 4158 antistes,
1133 4099 1176 4148 cui
1207 4105 1304 4148 nomen
1337 4107 1401 4149 erat
1445 4101 1446 4126 ξ

305 4165 462 4229 Manassae,
481 4165 600 4236 quodin
620 4167 729 4216 Maximi
750 4182 848 4218 nomen
862 4175 994 4219 mutatum
1012 4177 1060 4220 est
1088 4169 1192 4222 viserat
1212 4187 1233 4220 rs
1251 4185 1280 4220 m
1297 4178 1399 4221 sancto
