2946 4830
488 241 774 366 messurus
801 299 855 366 vr.
893 353 897 362 .
1136 283 1210 366 σεε

213 459 333 526 Tuitus
356 461 392 526 us
412 459 467 526 stis
493 461 609 545 χρόνον
641 461 741 549 ἐδόθη
773 461 865 550 φήμη
885 463 931 538 τίς
955 452 1154 542 τὀνἎλβιιν,
1177 453 1213 536 ὅς

109 587 152 638 τις
174 555 243 644 εἶχε
262 565 360 628 κτίσει
382 560 438 644 τήν
454 555 679 645 Ἀλβιοίπολιυ
694 561 751 648 τήν
774 565 830 629 νῦν
843 563 1011 648 λεγομένην
1031 555 1203 644 Ἀλβοαοὶνι
1291 645 1295 654 1

110 663 163 728 καί
188 660 307 728 ἔστειλε
328 661 444 751 ιδ’ἰδῇ
465 666 500 728 τί
514 669 600 746 γένος
622 658 701 729 εἶναι
723 669 837 730 ἐκείνου
858 659 887 729 οῖ
908 661 1137 746 νεοκατοίκητοι
1158 653 1213 726 ἄν·
1242 699 1257 752 '.

112 768 248 846 θρωποι.
302 754 387 828 οὗτοι
422 767 457 829 δὲ
486 761 540 828 τδν
568 764 788 849 ἀπεκρίθησαν
815 765 873 849 τήν
901 765 1056 850 α’λήδειαν
1087 765 1129 826 δι’
1153 756 1214 828 ὅσα
1298 755 1301 762 ’

88 865 181 940 orosio
203 869 391 951 συνέβησαν,
412 864 467 929 καί
486 864 586 940 είδδς
608 869 728 951 ἐκίνησε
748 868 789 946 μδ
801 863 933 948 μερικδν
956 863 1139 947 στράτευμα
1161 861 1216 929 καί

111 957 208 1050 ήλθεν
232 961 360 1050 οἷντικρδ
382 969 438 1049 τής
452 962 677 1045 Τιτουπόλειος,
697 969 753 1030 καί
771 963 904 1050 ἐζήτησε
927 964 966 1030 soi
987 965 1038 1053 ἰδῇ
1060 965 1113 1028 τὸν
1125 969 1215 1046 προδ-
1302 1029 1303 1034 ,
1385 967 1388 971 ’

111 1085 163 1128 τοι
197 1064 314 1129 ου’τῶν.
367 1063 384 1127 δ
420 1067 456 1130 δὲ
481 1070 570 1140 Τῖτος
599 1067 752 1149 ἐπέρασεν
780 1062 880 1139 είδδς
911 1068 952 1145 μδ
979 1058 1215 1144 τεσσαράκοντα

111 1155 234 1248 ἇνδρες
254 1164 418 1240 ἐκλεκτοὺς
438 1169 493 1230 καί
514 1163 670 1249 οδραίους·
717 1163 771 1229 καί
792 1163 834 1240 ὥς
854 1164 927 1242 τούς
949 1157 1032 1228 εἶδεν
1051 1155 1214 1246 δἎλβας,

17 1273 18 1276 ’
110 1262 278 1344 ἐθαύμασε
299 1264 356 1349 τήν
385 1268 567 1352 εὐμορφίαν
588 1270 649 1330 τοδε
669 1267 811 1350 ἀνδρῶν,
831 1261 886 1330 καί
907 1265 1085 1346 συνομιλῶν
1104 1259 1216 1347 πολλά,

74 1366 164 1428 Ῑδταί
187 1365 404 1448 διηγουμένων
426 1368 531 1430 ου’τοῖν
560 1363 599 1430 τὰ
633 1357 719 1429 ἆθλα
741 1369 797 1450 τής
826 1366 978 1448 πατρίδος
998 1387 1072 1447 τιον,
1094 1360 1216 1444 ἔμεινεν

110 1465 301 1546 ε’κστατικός,
319 1465 581 1550 συλλογιζόμενος
603 1468 638 1530 τί
656 1465 694 1530 soi
719 1468 818 1554 κόμη,
844 1460 896 1530 δ’τε
916 1467 1061 1551 ἐφοβεῖτο
1081 1463 1128 1548 μή
1149 1461 1216 1540 nuic

110 1590 185 1634 ποτε
205 1563 326 1652 ἤθελον
347 1569 518 1650 πληθυνθή
545 1570 600 1630 καί
631 1566 783 1645 ὑποτάξει
817 1565 891 1642 τούς
921 1562 1037 1640 τόπους
1057 1587 1123 1630 του.
1146 1563 1215 1626 ἀλλ’
1285 1627 1287 1634 ⁴

111 1664 154 1743 ὥς
178 1666 333 1754 φρόνιμος
355 1666 371 1732 δ
399 1671 487 1743 Τι’τος
509 1664 682 1748 ἑκατοὶλαβε
716 1665 771 1731 τὸν
798 1665 983 1748 στοχασμόν
1005 1687 1073 1744 του,
1088 1663 1143 1728 καί
1162 1662 1217 1728 rtis

112 1769 273 1855 α’πεκρίθη
294 1773 335 1851 μὲ
355 1769 465 1852 λόγους
487 1765 650 1844 ,πιδανοδς
683 1769 766 1848 ποτέ,
790 1771 888 1851 λίγων
911 1758 959 1830 “oi
979 1759 1128 1850 ἆγαπητδ,
1151 1762 1217 1847 μήν

75 1867 167 1954 ίδέχε
189 1872 331 1934 τοιοῦτον
354 1867 578 1951 συλλογισμόν,
603 1861 650 1933 ὅτι
669 1865 784 1948 atussa
812 1869 893 1946 ξένοι
913 1867 968 1930 καὶ
987 1867 1043 1949 τής
1064 1863 1218 1950 φιλτάτης

111 1996 178 2056 μσς
199 1972 353 2054 πατρίδος
373 1969 541 2052 ἐξόριστοι,
563 1971 617 2034 καί
636 1964 919 2052 ἒπαρακαλίσαμεν
947 1963 1002 2030 τδν
1021 1961 1099 2028 θεὸν
1118 1964 1218 2028 Πᾶνα

113 2081 150 2138 νδι
172 2076 237 2156 μοῖς
259 2066 440 2158 καταστήσῃ
466 2071 511 2144 εἰς
541 2067 636 2134 τόπον
657 2063 822 2154 εἰρηνικόν.
878 2061 963 2148 ὅμως
991 2057 1030 2130 ἄν
1050 2087 1099 2140 τις
1120 2053 1217 2148 ήθελε

112 2176 177 2258 μᾶς
200 2175 313 2257 ε’γγίξει
332 2175 434 2256 χωρίς
455 2168 567 2252 αἴτιον,
589 2169 661 2234 τότε
673 2169 811 2253 βάνομεν
832 2168 888 2254 τήν
900 2166 982 2254 ζωήν
1003 2191 1066 2251 μας
1087 2167 1132 2241 εἰς
1153 2160 1227 2238 δοί-Ι

114 2298 220 2356 νατον,
255 2267 299 2348 ὥς
329 2271 484 2354 ε’ξόρεστοι
514 2270 569 2333 καί
602 2269 862 2353 ἀπηλπισμένοι.”
918 2267 1058 2344 οἰκούσας
1077 2263 1218 2333 ταῦταὸ

74 2368 233 2456 semitae
270 2374 379 2440 ε’πίασε
412 2370 469 2436 τὸν
500 2378 591 2437 utros
618 2370 672 2435 καί
691 2369 746 2434 τδν
766 2373 898 2456 ε’φιλησε
921 2373 1004 2452 τρίς,
1026 2372 1125 2450 λέγειν
1145 2367 1221 2429 “sui
1268 2367 1271 2374 “

39 2553 43 2560 Ι
114 2473 177 2558 ίγοδ
200 2473 328 2558 εἰρήνην
351 2475 437 2538 θέλοι
469 2477 505 2554 μ’
525 2475 622 2553 ε’σᾶς,
645 2475 700 2536 καί
720 2471 861 2552 μάλιστα
883 2470 936 2534 διδ
960 2467 1018 2552 τήν
1039 2462 1219 2551 εδμορφίαν
1274 2467 1278 2472 ’

47 2587 49 2590 ’
114 2581 170 2641 καί
191 2573 385 2658 εὖγλοιττίακ
411 2597 471 2649 σας
491 2576 576 2639 θέλω
599 2574 703 2656 οἶκόμη
736 2571 774 2635 νδ
797 2575 856 2652 μοί
877 2566 997 2656 δείσητε
1017 2574 1102 2654 τρεῖς
1121 2589 1219 2650 πυρα.

114 2678 209 2753 σίδας
231 2673 290 2751 τὰς
318 2673 538 2760 ἐκλεκτοτὲρας
562 2673 618 2740 καί
648 2682 734 2761 τρεῖς
755 2672 845 2748 νέους
875 2669 909 2737 ἐκ
938 2672 997 2738 τοῦ
1018 2671 1127 2754 γένους
1146 2691 1219 2753 σας,

124 2981 129 2987 ’
225 2985 280 3037 iioc
302 2991 393 3036 autem
414 2993 535 3054 tempore
556 2984 626 3036 fama
645 2983 679 3035 ad
699 2983 795 3036 Albam
814 2983 905 3036 delata
924 2992 973 3047 est,
992 2985 1041 3055 qui
1060 2983 1221 3038 condiderat

107 3057 297 3128 ‚Albiopoiinu
321 3072 391 3125 quae
412 3073 484 3107 nuuc
503 3063 614 3108 vocatur
637 3056 779 3121 Albasani‚
799 3065 827 3107 et
845 3057 918 3108 misit
935 3054 1087 3128 quendam,
1116 3064 1147 3109 ut
1173 3073 1220 3108 co·

112 3135 267 3198 gnosceret,
283 3127 350 3196 quid
362 3128 467 3196 generis
488 3135 580 3178 essent
597 3127 639 3178 illi
659 3127 789 3191 advenae,
808 3126 837 3178 hi
854 3135 943 3182 autem
962 3129 988 3180 ei
1005 3145 1221 3198 rerumrespon-

117 3201 219 3252 derunt
236 3197 270 3249 de
294 3200 335 3260 iis,
356 3215 426 3267 quoe
447 3199 479 3247 iis
499 3197 662 3264 acciderant,
683 3202 829 3268 statimque
849 3200 897 3251 ilie
915 3217 975 3252 cum
996 3209 1072 3270 parte
1087 3203 1220 3253 exercitus

117 3286 242 3338 egressus
264 3277 327 3320 aute
345 3269 495 3337 Titopoiim
516 3269 605 3332 venit,
626 3277 653 3320 et
673 3263 786 3338 petivit,
807 3278 836 3320 ut
858 3271 1009 3340 principem
1029 3289 1123 3324 eorum
1141 3271 1220 3325 ridu-

117 3351 167 3404 ret,
186 3342 267 3392 Titus
286 3348 378 3392 autem
397 3357 455 3390 eum
476 3340 654 3408 quadraginta
668 3339 824 3390 hominibus
843 3339 957 3392 deiectis
977 3351 1004 3392 et
1024 3343 1145 3409 pulchris
1164 3351 1220 3394 sta-

116 3415 165 3466 tim
185 3412 308 3475 advenit3
328 3428 473 3481 quoscum
496 3411 574 3462 Albos
590 3410 705 3472 videret,
724 3408 955 3478 pulchritudinem
973 3411 1112 3462 homiuum
1132 3412 1219 3464 adini·

116 3477 192 3534 ratus
215 3491 267 3544 est,
286 3489 391 3533 etcum
408 3483 493 3532 multa
512 3499 572 3532 sum
594 3482 635 3536 iis,
648 3481 867 3551 colloqueretur,
886 3482 984 3552 iiiique
1003 3483 1149 3534 certamina
1170 3499 1220 3552 pa·

116 3556 185 3606 triae
207 3569 272 3604 suae
290 3561 440 3614 narrarent,
458 3551 613 3621 obstupuit,
633 3569 723 3604 secum
745 3561 888 3621 reputans,
913 3551 980 3622 quid
1001 3551 1119 3605 facturus
1139 3562 1220 3618 esset,

116 3626 181 3695 quia
202 3623 357 3685 metuebat,
383 3641 417 3674 ne
442 3623 551 3693 quaudo
577 3624 650 3676 aucti
678 3625 738 3676 loca
760 3623 893 3674 subiicere
920 3624 1032 3676 velient.
1064 3623 1111 3675 sed
1131 3624 1218 3686 Titus,

117 3713 170 3766 qua
190 3703 249 3746 erat
268 3695 422 3764 prudentia,
444 3697 502 3746 eius
522 3695 665 3746 eonsilium
684 3695 882 3758 animadvertit,
897 3694 979 3764 eique
998 3695 1085 3748 verbis
1107 3694 1219 3765 placidis

116 3765 274 3835 respondit,
292 3765 440 3835 aliquando
460 3765 586 3828 taudem,
605 3767 712 3835 inquit,
732 3767 884 3829 carissime,
904 3773 993 3818 tecum
1015 3775 1140 3836 reputes,
1169 3783 1219 3818 nos

117 3853 174 3888 esse
194 3837 350 3905 peregrinos
370 3846 399 3888 et
416 3837 505 3906 patria
524 3845 614 3888 nostra
633 3838 769 3888 carissima
790 3838 917 3906 supultus
936 3855 1041 3908 uosque
1056 3839 1126 3888 Pena
1138 3836 1218 3889 deum

117 3907 273 3970 advocasse,
292 3915 323 3958 ot
343 3911 520 3960 constitueret
538 3924 586 3959 uos
609 3909 752 3959 interram
772 3918 903 3979 pacatam.
930 3917 1019 3962 tumen
1038 3909 1060 3959 si
1081 3909 1141 3978 quis
1160 3909 1219 3959 sine

120 3995 270 4030 cussanus
296 3993 394 4030 vexare
422 3979 506 4040 velit,
538 3987 592 4029 tum
623 3980 704 4030 sitam
732 3987 851 4032 nostrum
873 3980 1050 4031 defendemus
1078 3995 1163 4050 usque
1183 3980 1223 4032 ad*

118 4059 244 4112 mortem,
263 4056 295 4099 ut
316 4050 421 4118 expulsi
441 4059 469 4102 et
490 4049 672 4118 desperantes.
710 4067 859 4120 quaecum
880 4051 1029 4102 audivisset
1050 4049 1141 4112 Albas,
1160 4067 1231 4116 arrr-⁸

117 4120 244 4192 ploratus
261 4121 354 4172 Titum
375 4129 416 4171 ter
435 4129 475 4173 est
495 4115 649 4183 osculatus,
668 4129 712 4184 et,
742 4139 790 4190 ego
809 4139 929 4193 quoque,
949 4121 1058 4193 inquit,
1078 4119 1217 4174 vobiscum

117 4206 214 4262 pacem
231 4190 462 4258 sustinentem,
490 4199 519 4246 et
544 4192 690 4264 praecipue
716 4200 830 4267 propter
857 4189 1090 4280 pulchritudinem
1110 4201 1137 4250 et
1156 4191 1242 4248 eiu-¹
1326 4233 1331 4242 ,
