2946 4830
189 333 190 336 κ
240 287 316 371 tel
367 325 373 334 ·
563 241 592 271 ⁹
621 295 676 363 on
704 293 834 362 nnus
870 291 978 360 eninr
1021 279 1023 284 ’
1107 303 1111 308 ·

241 466 330 550 λύγος
350 461 404 528 ἐπί
423 461 479 546 τήν
502 459 675 544 προδοσίαν
696 459 901 539 ἐπαναγέσθω
923 457 967 541 τῷ
989 449 1180 553 διηγήματα·
1223 443 1346 528 ἔξωθεν

207 615 209 620 -
240 563 301 651 γάρ
324 557 567 648 περιεκλύκλουν
599 557 653 642 τήν
682 558 771 622 πόλιν
793 555 823 621 ού
850 557 1048 637 Ἀλβανῖται,
1071 549 1194 618 ἐσωθεν
1220 552 1256 615 δέ
1278 573 1346 612 πα.

243 665 426 752 ρηνούχλουν
449 664 551 738 κακοῖς
574 658 636 726 τὸν
659 662 801 741 γουλιῖν,
832 653 911 720 κατά
936 651 1050 741 κράτος
1083 653 1127 728 είς
1149 648 1249 716 αύτὸν
1270 652 1344 715 ἐπι.

242 765 404 846 σπούμενοι
427 760 482 828 καί
504 761 583 848 dorio
609 759 689 846 ῥοῦα
711 756 917 844 φωνάζοντες.
965 762 1049 842 τρεῖς
1078 756 1114 817 δέ
1145 753 1268 836 ήμέρας
1290 755 1348 816 καί

243 866 358 938 νύκτας
388 863 446 926 ούκ
469 859 646 925 ἐπαύσαντο
680 855 759 940 μετοὶ
780 859 836 921 τού
868 859 947 921 λαοῦ
969 857 1198 936 πολεμοῦντες,
1221 852 1281 926 ἓως
1304 843 1347 914 ού
1357 864 1376 916 5

243 945 525 1048 συνηθροίσθησαν
544 963 664 1042 πλῆθος
685 951 816 1040 άπειρον
837 955 1002 1036 μετὰτῶν
1015 951 1197 1035 μονοξύλων
1217 955 1272 1016 καί
1287 955 1348 1034 τῆς

242 1060 380 1147 βάλκας,
409 1063 465 1124 καί
492 1061 684 1143 ἐκινήθησαν
712 1055 774 1120 α’πύ
799 1058 854 1120 τοῦ
876 1056 1003 1139 νησίου,
1028 1047 1113 1126 ὅπως
1135 1051 1269 1134 ἐπιβαῖσι
1289 1051 1351 1113 καί

243 1165 377 1228 είνέλωσι
410 1160 468 1244 τήν
490 1159 590 1223 πόλιν.
635 1156 664 1220 οἱ
686 1159 721 1222 δὲ
752 1159 806 1240 τῆς
825 1153 936 1240 χώρας
958 1149 1115 1238 οἰκήτορες
1138 1153 1171 1216 ἐν
1193 1153 1230 1237 τῇ
1251 1149 1348 1236 λίμνη
1389 1171 1392 1175 ·

244 1263 450 1329 εἰσέπλευσαν
475 1257 556 1340 μετὰ
589 1260 646 1322 δύο
680 1259 808 1340 βαλκούν
841 1255 896 1319 καί
923 1253 1104 1336 μονοξύλων
1133 1251 1266 1336 ύλίγων,
1291 1253 1351 1314 καί

244 1363 322 1426 κατὰ
343 1365 399 1426 τοῦ
419 1360 530 1424 στύλον
553 1361 615 1422 τοῖν
639 1359 789 1423 ἐναντίων
809 1355 945 1437 πόλεμον
968 1351 1213 1438 συνεστήσαντο.
1258 1349 1287 1416 οἱ
1311 1353 1348 1418 δέ
1361 1362 1397 1414 10

244 1462 523 1545 ἐναποληφθέντας
553 1457 632 1541 πρὸς
655 1457 708 1523 τύν
738 1454 989 1542 ἀρχιστράτηγον
1010 1457 1067 1520 τού
1094 1453 1175 1518 θεοῦ
1205 1452 1349 1536 Μιχαήλ

244 1561 303 1628 σύν
324 1563 445 1645 οἰμωγῇ
475 1562 608 1642 καρδίας
637 1555 736 1632 οὕτως
766 1556 890 1640 ἐβόων·
943 1559 1020 1620 “univ
1048 1551 1230 1625 ἐκύκλωσαν
1261 1555 1349 1638 ήμοῖς

245 1667 410 1744 δυσμενεῖς
434 1641 656 1746 φθοροποιοι,
677 1657 731 1722 καί
751 1660 879 1741 ζητοῦσι
901 1645 1067 1720 καταπιεῖν
1087 1653 1142 1737 τήν
1161 1653 1221 1736 σήν
1244 1651 1349 1733 πόλιν,

246 1759 484 1848 α’ρχιστράτηγε,
508 1756 706 1843 κατάβρωμα
727 1762 847 1822 θέσθαι
867 1755 950 1840 ήμιῖς
971 1755 1165 1835 βουλόμενοι.
1209 1752 1247 1818 τά
1267 1758 1350 1836 βου.

229 1860 389 1944 ’λεύματα
412 1858 531 1926 τούτων
567 1859 663 1934 αύτός
686 1861 885 1939 ματαίωσον·
940 1853 1000 1931 τύς
1021 1851 1123 1940 ὁρμάς
1143 1851 1199 1930 τάς
1219 1855 1397 1938 lusori-15

247 1968 311 2039 δεις
331 1961 427 2038 αύτύς
450 1958 660 2028 delineatione
696 1957 759 2040 τήν
782 1954 1018 2042 &notissimis
1040 1953 1263 2020 κατάσπασον·
1306 1953 1351 2020 σύ

247 2061 423 2148 προστάτης
456 2059 515 2146 γάρ
555 2061 644 2143 ήμιδν
665 2051 720 2124 καί
748 2063 833 2132 θεῖος
856 2055 962 2142 φύλαξ
985 2055 1256 2140 οἶσφαλέστατος.”
1297 2051 1352 2118 ἐν·

247 2168 362 2228 τεύθεν
394 2166 437 2238 είς
469 2159 574 2248 φυγήν
609 2157 638 2222 οἱ
667 2159 799 2222 ἐναντίοι
834 2155 1016 2241 ἐτράπησαν
1045 2157 1099 2217 καί
1118 2151 1198 2216 κατὰ
1233 2155 1352 2238 κράτος

247 2262 427 2328 αἰιτύλοντο·
471 2261 499 2324 οἱ
521 2261 557 2322 δέ
575 2260 631 2322 τὸν
654 2261 772 2340 γουλοῖν
792 2254 1027 2341 ληϊστρεύοντες
1060 2255 1260 2334 οἰκειοθελιδς
1281 2280 1352 2318 πα-

247 2361 438 2448 ρεδόθησαν.
479 2363 534 2425 καί
558 2353 597 2443 ήν
630 2362 710 2425 ίδεῖν
740 2359 811 2422 τότε
838 2360 976 2441 μεγάλην
1008 2359 1168 2440 σωτηρίαν
1197 2357 1238 2442 τῇ
1258 2354 1400 2428 πόλεικο

247 2467 311 2528 τῶν
333 2465 522 2543 ’ίωαννένων,
546 2459 582 2545 ήν
604 2459 802 2543 ἐλυτριύσατο
831 2456 939 2542 κύριος
960 2454 976 2518 ὅ
999 2455 1074 2531 θεὸς
1096 2457 1211 2519 ἐκτῶν
1230 2459 1354 2538 χειρῶν

247 2565 309 2626 τῶν
328 2562 526 2643 Ἀλβανιτοδν
546 2564 586 2648 τῇ
607 2559 757 2647 πρεσβείᾳ
781 2566 835 2623 τού
859 2554 1002 2643 φύλακος
1017 2555 1156 2640 ταύτης,
1177 2558 1235 2620 τού
1254 2555 1354 2636 άρχι.

249 2663 422 2746 στρυτήγου
445 2659 584 2748 Μιχαήλ
605 2663 667 2726 τοῖν
688 2653 755 2724 ἄνω
777 2658 953 2741 δυνάμεων.
974 2655 1042 2722 τότε
1063 2658 1142 2740 δήια
1160 2654 1214 2720 καί
1235 2653 1252 2719 ti
1276 2655 1354 2720 Θω-

248 2911 406 2966 indictionis
426 2913 554 2978 secundo,
574 2913 618 2964 die
640 2913 720 2982 primi
740 2911 846 2964 sabbati
859 2927 993 2964 sacrorum
1011 2908 1282 2979 quadragesimorum.
1300 2909 1355 2962 sed

250 2986 336 3036 oratio
360 2992 452 3036 nostra
472 2984 505 3034 ad
524 2984 708 3055 proditionem
727 2984 880 3035 narratione
900 2981 1056 3048 reducatur;
1076 2989 1150 3033 entra
1171 2982 1243 3032 enim
1264 2979 1356 3032 Albo-

249 3059 324 3108 nitae
345 3055 438 3106 urbem
457 3053 714 3119 circumcludebant,
734 3055 803 3106 intra
825 3065 913 3106 autem
933 3054 1027 3104 turrim
1047 3053 1117 3103 male
1136 3052 1282 3116 vexabant,
1299 3069 1354 3103 ve·

250 3127 393 3177 hemenler
414 3127 442 3176 in
461 3142 517 3176 eam
542 3134 659 3189 ruentes,
675 3134 702 3176 et
722 3143 776 3188 rua,
797 3143 843 3176 rua
866 3127 1021 3185 clamantes,
1041 3140 1088 3192 per
1106 3132 1163 3176 tres
1179 3132 1270 3174 autem
1289 3122 1353 3175 dies

251 3205 279 3247 et
297 3203 389 3246 noctes
408 3213 461 3246 non
483 3195 621 3252 desierunt
641 3214 698 3247 eum
721 3198 822 3266 populo
843 3213 969 3264 pugnare.
1008 3197 1112 3246 interea
1133 3194 1281 3246 mullitudo
1302 3195 1354 3244 in-

251 3267 428 3317 numerabilis
457 3284 515 3316 oum
535 3267 661 3318 lintribus
692 3276 719 3318 et
741 3269 856 3336 jnnvigio
877 3267 1011 3328 convenit,
1035 3275 1062 3318 et
1081 3283 1114 3316 ex
1133 3265 1221 3317 insula
1242 3283 1271 3317 se
1288 3281 1354 3316 mo-

252 3340 300 3400 vit,
322 3345 352 3388 ut
371 3337 464 3387 urbem
478 3355 598 3406 aggressa
618 3347 732 3406 caperet.
772 3348 858 3390 terrae
877 3347 965 3390 autern
983 3339 1089 3388 incolae
1109 3339 1136 3388 in
1157 3339 1218 3388 lacu
1237 3337 1354 3403 naviga·
1405 3337 1413 3346 '

253 3418 316 3462 runt
337 3426 396 3459 cum
417 3409 522 3460 duabus
542 3409 653 3461 navibus
673 3418 700 3461 et
720 3411 811 3478 paucis
834 3410 976 3472 lintribus,
1005 3419 1031 3459 et
1050 3409 1129 3460 classi
1151 3409 1269 3460 bostium
1288 3408 1355 3458 bel·

252 3481 307 3532 lurn
329 3489 498 3550 paraverunt.
537 3483 582 3550 qui
602 3489 690 3530 autern
711 3482 796 3531 relicti
818 3489 902 3543 erant,
922 3480 956 3532 ad
976 3497 1107 3530 summum
1123 3480 1218 3532 ducem
1238 3480 1283 3530 dei
1297 3479 1357 3529 bli-

252 3551 373 3606 clrnelem
393 3569 450 3602 cunr
472 3553 667 3602 lamentatione
689 3551 775 3602 cordis
796 3551 847 3601 hoc
868 3551 948 3602 modo
969 3551 1137 3614 clamabant:
1168 3569 1241 3602 nunc
1261 3549 1356 3602 lrostes

254 3625 424 3674 devastantes
435 3639 484 3674 nos
499 3621 715 3673 circumcludunt
728 3631 754 3680 et
769 3622 861 3672 urbem
876 3631 948 3673 terem
965 3621 1092 3672 devorare
1110 3623 1231 3683 student,
1249 3637 1357 3673 summe

253 3694 327 3756 (lus,
359 3709 407 3744 nos
427 3693 515 3743 cibum
548 3692 810 3743 retlderevolentos.
849 3695 1016 3745 voluntatem
1040 3694 1134 3744 borum
1155 3691 1356 3762 praesensde-

191 3822 196 3834 Ι
253 3765 318 3826 leus,
340 3763 458 3832 impetus
478 3763 592 3813 furiosos
613 3779 739 3831 praesens
760 3763 899 3826 destituas,
921 3765 1072 3833 superbiam
1098 3781 1191 3815 eorum
1213 3763 1357 3826 detrudas,

163 3869 167 3874 -
254 3843 282 3885 tu
304 3835 375 3884 enim
397 3833 476 3884 nobis
502 3849 608 3902 praeses
628 3841 655 3884 et
685 3834 791 3885 divinus
821 3844 910 3887 custos
937 3837 1019 3906 idque
1039 3837 1212 3887 certissimus.
1250 3834 1358 3886 deiude

255 3906 281 3954 in
304 3905 393 3972 sugam
415 3905 505 3955 hostes
528 3905 595 3954 versi
612 3911 639 3954 et
658 3903 779 3956 luriditus
799 3905 883 3957 deleti
903 3917 974 3970 sunt,
994 3909 1039 3976 qni
1060 3910 1149 3958 autern
1171 3907 1266 3970 turrim
1286 3923 1357 3975 spo·

254 3974 375 4036 linbant,
397 3975 492 4026 victori
512 3991 539 4023 se
565 3976 764 4042 permiserunt,
792 3985 874 4046 atque
895 3979 1010 4028 salutem
1037 3995 1159 4044 maguam
1179 3978 1252 4029 urbis
1273 3977 1357 4027 loan-

255 4046 336 4094 ninas
354 4047 446 4096 videre
478 4045 596 4108 licebat,
619 4062 698 4113 quam
722 4047 847 4098 dominns
872 4048 937 4100 deus
962 4049 1086 4100 manibus
1105 4047 1293 4101 Albanitorum'
1315 4049 1358 4098 li-

255 4113 404 4178 beraverat,
425 4117 504 4166 misso
524 4115 634 4167 custode
650 4119 717 4180 elus,
735 4133 837 4168 summo
857 4118 924 4170 duce
943 4121 1083 4172 numinum
1105 4137 1272 4188 strperorurn,
1295 4119 1359 4172 Mi-

256 4182 386 4238 chaelem.
405 4194 461 4242 turn
474 4185 683 4260 igitur'lbomss
701 4189 835 4244 delectum
845 4190 1029 4246 libanitarum
1049 4193 1077 4246 in
1095 4207 1201 4248 carcere
1221 4191 1354 4260 includit,
