2922 4824
559 261 759 328 Pontica.
1145 258 1192 334 65

937 355 955 394 ε

98 435 162 476 σαν
180 405 302 494 βουλὴν
322 407 350 473 οἱ
379 411 552 493 γενι’τζαροι
575 415 634 479 τοῦ
668 415 801 497 ζητῆσαι
823 412 879 476 τόν
900 413 1037 499 Σελίμην
1056 405 1194 498 όρχοντα

98 514 157 576 τοῦ
182 507 364 593 πρωτεύειν
390 510 424 573 ἐν
451 513 491 595 τῇ
520 510 659 598 ἀνατολῇ
688 515 759 591 μετ’
779 514 903 594 ου’τεόν,
924 515 1194 599 προφασιζόμενοι

98 607 149 676 ότι
171 609 241 674 ἔστι
263 613 365 692 γέρων
385 607 402 672 ό
422 607 574 690 βασιλεός
594 612 648 674 καί
667 607 703 674 οό
726 607 861 678 δόναται
883 610 1078 695 στρατεύειν,
1099 614 1196 680 odrae*

98 713 136 774 δὲ
167 716 317 789 πολεμεῖν
344 712 476 774 θέλουσι
509 708 564 772 καί
590 707 831 788 στρατεύεσθαι.
879 714 1065 790 καθεζέσθοο
1095 703 1192 777 οόνό

70 815 200 893 5γὲροιν
222 811 256 873 ἐν
276 810 314 894 τῇ
337 813 591 890 Κοινοταντίνου,
612 814 666 873 ταί
688 805 716 872 οἱ
741 809 805 874 νέοι
827 814 906 890 μετὰ
931 813 989 875 τοῦ
1009 813 1081 874 νέου
1101 818 1193 876 σολε-

96 913 279 990 μείτωσαν·
322 903 397 971 ἄνευ
420 906 479 992 γόρ
502 915 648 990 πολέμων
670 911 724 974 καί
744 912 864 992 κερδυόν
885 909 925 972 od
944 907 1111 992 βούλονται
1129 935 1193 972 αα-
1201 917 1236 973 37

96 1012 263 1087 θὲζεσθαι.
307 1010 460 1094 ἀνέφερον
484 1013 660 1091 δὲταῦτα,
682 1001 729 1074 ότι
750 1006 850 1086 οὕτως
871 1012 1015 1074 αἰτοῦσιν
1035 1007 1064 1073 αἱ
1085 1011 1196 1074 δοῦλοί

96 1133 167 1173 σου.
211 1109 227 1170 ό
252 1110 287 1171 δὲ
317 1112 441 1189 κρατῶν
467 1113 592 1194 βαρέως
610 1107 705 1194 ἔφερε
725 1113 781 1174 καί
804 1105 966 1194 ἠγανάκτει
989 1115 1056 1174 κατ’
1077 1110 1192 1173 crissie.

97 1205 292 1283 αἰιοόσαντες
314 1211 349 1272 δὲ
370 1207 584 1295 οἱγενίτζαροι
609 1205 659 1274 ότι
680 1213 720 1274 ου’
738 1212 881 1275 πείθεται
900 1211 957 1294 τὴν
977 1209 1108 1286 α’ξίωσιν
1129 1208 1193 1274 ου’-

54 1312 173 1389 λθταῖν,
194 1313 388 1374 ἐστασίασαν
416 1313 461 1384 εἰς
483 1314 516 1374 ἓν
545 1311 765 1391 συνελθόντες,
787 1309 842 1376 καί
862 1307 1086 1394 ἠβουλήθησαν
1109 1311 1192 1374 oino-
1258 1305 1262 1312 “

97 1415 217 1470 κτεῖναι
238 1407 313 1484 τοός
331 1409 582 1492 βεζηραζέμιδυς
605 1411 660 1472 καί
683 1409 869 1492 διόρααγμα
889 1413 993 1472 θεῖναι
1015 1407 1072 1492 την
1090 1407 1190 1474 πόλιν.

96 1505 142 1589 μὴ
168 1505 251 1588 ἔχων
271 1509 305 1572 δὲ
326 1507 342 1571 ό
364 1510 521 1591 αὐθέντης
544 1501 562 1570 δ’
573 1534 603 1572 τι
623 1512 679 1574 καί
698 1509 869 1591 ποιήσειεν,
890 1505 1016 1592 ἔστερξε
1035 1512 1089 1572 καί
1106 1501 1193 1576 όκοον

97 1604 155 1690 την
176 1605 307 1691 ζήτησιν
328 1608 440 1672 arianis.
492 1611 643 1673 τοσοότον
671 1611 709 1674 δὲ
740 1606 932 1693 η’γόιιησενό
954 1608 1030 1683 λαός
1050 1611 1112 1682 πός
1131 1608 1197 1694 οδε

96 1705 148 1769 τόν
168 1706 222 1770 τόν
241 1703 314 1771 υἱόν
345 1709 445 1772 αὑτοῦ
475 1706 518 1783 τός
538 1709 594 1772 καί
611 1711 723 1774 παιδία
745 1705 879 1774 ἐλάλουν
904 1705 940 1774 τό
972 1699 1069 1789 όνομο
1089 1707 1194 1774 orirer?

53 1803 152 1868 15καὶ
172 1807 354 1871 παιδίσκαι.’
871 1817 885 1834 ‘

185 1907 295 1967 Ταότα
317 1907 352 1969 δὲ
372 1901 599 1984 ἐνστησόμενος
622 1901 798 1970 όσουλτόν
822 1902 1037 1987 Κουρκοότης,
1058 1901 1075 1970 ὃ
1095 1897 1190 1982 όλλσς

95 2006 158 2066 τεόν
178 2001 256 2066 vitiu
276 2005 388 2084 αὑτοῦ,
420 2003 455 2066 ἐκ
476 2005 668 2087 Μαγνησίας
695 1996 775 2086 η’λθε
803 2001 859 2068 καί
878 2002 996 2085 εὑρέθη
1019 2000 1133 2088 αἴφνης
1156 2001 1190 2070 ἔν

95 2111 163 2178 τοῖς
180 2101 329 2184 οἰκήμασι
343 2107 406 2168 τοόν
426 2101 683 2186 γενιτζόρωνφόν
703 2102 742 2186 δη“
759 2104 816 2168 καί
834 2099 954 2175 ἰδόντες
965 2097 1188 2186 ἐξεπλάγησαν.

94 2198 180 2281 ἔλεγε
202 2203 236 2264 δὲ
258 2201 335 2283 πρός
356 2204 474 2276 ον’τοός
505 2200 553 2265 δἐι
575 2202 667 2282 ὑμεῖς
689 2201 793 2268 οἴδατε
815 2207 881 2291 πυός
914 2199 974 2284 dyas*
996 2198 1060 2282 ἔχοι
1083 2201 1117 2265 τό
1141 2205 1190 2268 δι’.

48 2311 184 2363 torcian
205 2303 239 2364 ἐκ
261 2301 459 2368 αόντοονταῖν
483 2295 587 2368 ἄλλων
605 2327 668 2384 μου
691 2304 849 2387 α’δελφοδν,
871 2298 921 2366 ότι
942 2302 997 2366 καὶ
1016 2305 1188 2388 ἑκαθὲστην

93 2403 126 2463 ἐν
147 2403 192 2486 eq?
210 2401 316 2490 θρόνῳ
350 2405 408 2466 τοῦ
437 2403 567 2468 adanon
587 2426 651 2484 μου
675 2397 725 2468 ὅτε
752 2405 922 2482 ἀπέθανεν,
946 2401 1005 2477 ἕως
1025 2393 1063 2466 οὗ
1086 2394 1183 2486 ἦλθεν

93 2700 158 2744 rant
178 2691 331 2762 requirendi
352 2673 483 2758 Selimae3
501 2709 582 2762 quern
603 2692 654 2744 sibi
675 2693 823 2762 principem
842 2693 1019 2762 praeficerent
1037 2711 1068 2744 ac
1086 2693 1180 2746 ducem
1259 2699 1261 2704 '

92 2763 277 2830 expeditionis
309 2765 337 2814 in
358 2763 515 2826 Orientem,
541 2771 707 2816 senectutem
733 2772 873 2814 causantes
897 2767 965 2832 regis
991 2765 1182 2834 militandique

92 2837 294 2903 impotentiam:
315 2851 343 2884 se
364 2843 453 2884 autem
473 2833 606 2886 desiderio
630 2835 774 2885 militatum
792 2834 910 2884 abeundi
935 2835 1111 2904 bellandique
1132 2835 1180 2884 fla-

11 2935 18 2948 ·
91 2922 174 2971 grace
211 2905 321 2956 “sedeat
339 2907 418 2989 ergo''
437 2907 566 2975 inquiunt
584 2905 729 2976 “pacificus
748 2921 829 2955 senex
852 2905 1181 2974 Cpoli:l'0rtes‘1uvenes

90 2993 149 3026 cum
170 2975 270 3026 lorti
262 2993 359 3026 iuvene
386 2977 414 3026 in
433 2977 634 3045 expeditionem
664 2977 874 3044 proficiscantur.
920 2976 1046 3026 nolumus
1070 2993 1119 3027 nos
1138 2993 1182 3027 se·

90 3045 182 3098 dendo
201 3046 244 3097 hic
257 3057 362 3115 tempus
381 3055 487 3098 terere:
506 3048 578 3098 bella
598 3051 759 3116 quaerimus,
779 3051 881 3098 lucrum
900 3048 1078 3116 appetimus!²
1115 3046 1182 3098 haec

90 3118 123 3167 ad
144 3119 330 3185 imperatorem
351 3118 518 3170 referebant:
537 3118 624 3168 “lianc
641 3137 691 3169 nos
717 3120 783 3174 servi
803 3120 843 3170 tui
861 3121 1072 3187 postulationem
1091 3120 1181 3170 alleri-

89 3207 159 3248 mus,
182 3197 209 3238 et
225 3191 295 3239 serio
316 3189 489 3255 flagitamus.''
526 3205 571 3239 rex
591 3207 649 3238 cum
671 3190 798 3251 audisset,
817 3191 929 3256 graviter
949 3191 1018 3240 serre
1038 3207 1087 3241 nec
1108 3190 1180 3242 iudi-

89 3263 245 3326 gnationem
265 3259 390 3310 adversus
410 3277 455 3310 eos
476 3259 652 3310 dissimulare.
675 3261 718 3309 illi
737 3268 842 3323 contra,
861 3277 920 3310 cum
942 3262 1017 3310 renui
1037 3279 1110 3311 sunm
1130 3279 1180 3331 pe-

89 3333 215 3380 titionem
234 3347 318 3400 seque
339 3331 471 3398 repulsam
487 3331 583 3382 serre
569 3330 700 3392 uiderent,
721 3340 867 3380 convocato
886 3331 1001 3382 concilio
1016 3333 1179 3383 seditionem

88 3403 257 3466 excitarunt3
279 3401 475 3471 volueruntque
495 3402 662 3452 consiliarios
681 3417 712 3450 ac
726 3417 851 3483 proceres
867 3401 1017 3452 interficere
1038 3411 1066 3452 et
1084 3404 1178 3453 urbem
1231 3457 1238 3470 ⁸

88 3472 246 3539 praedando
265 3488 426 3540 percursare.
473 3489 518 3522 rex
543 3473 739 3554 importunitati
763 3472 871 3522 illorum
896 3489 954 3522 curn
963 3468 1103 3523 obsistere
1122 3491 1177 3523 non

88 3552 190 3610 posset,
209 3543 311 3593 invitus
336 3544 475 3594 voluntate
494 3559 586 3594 eorum
606 3543 748 3612 acquievit.
794 3550 869 3592 tanto
891 3551 980 3592 autem
1001 3559 1177 3594 amorecun·

88 3622 145 3664 ctos
164 3613 283 3682 populus
300 3613 371 3663 hunc
391 3615 476 3664 filium
501 3615 558 3664 eius
583 3623 740 3682 prosecutus
759 3622 816 3676 est,
836 3621 867 3664 ut
885 3613 913 3690 in
928 3629 1073 3682 puerorum
1092 3616 1174 3665 ctiam

87 3700 133 3735 ore
152 3693 181 3734 et
200 3685 358 3734 ancillarum
380 3693 479 3736 nomen
498 3687 555 3736 eius
574 3695 708 3735 versatum
729 3686 771 3734 sit.

158 3782 206 3831 His
225 3780 259 3830 ad
277 3797 354 3831 aures
385 3783 453 3832 alius
471 3782 519 3831 lilii
539 3783 611 3843 eius,
629 3783 672 3830 cui
693 3781 825 3832 Curcutae
851 3798 950 3833 nomen
971 3790 1036 3843 erat,
1055 3781 1174 3864 perlatis,

86 3852 254 3917 Magnesia'
247 3869 268 3901 rs
286 3868 403 3936 egressus
423 3861 482 3913 est,
502 3869 532 3902 ac
557 3861 663 3920 praeter
683 3869 757 3921 spem
782 3851 944 3902 domicilia'
937 3855 1113 3903 mnizarorurn
1130 3854 1175 3901 in

85 3923 184 3984 travit3
203 3922 251 3990 qui
273 3923 414 3991 repentino
433 3923 491 3973 eius
511 3933 619 3991 asqiectu
639 3922 845 3992 obstupuerunt.
881 3922 1004 3977 infithic
1029 3925 1076 3974 eis
1104 3927 1175 3972 “no-

83 4001 139 4042 tum
161 4001 203 4043 est
219 3991 298 4043 vobis
319 3993 421 4062 quid
414 3995 479 4044 ruris
499 4011 564 4061 ego,
589 4001 719 4063 quantum
738 3995 938 4062 praerogativae
965 4011 1029 4063 prae
1048 3993 1173 4044 omnibns

83 4066 150 4114 meis
170 4063 299 4114 fratribus
327 4064 451 4115 habram.
495 4065 550 4115 sedi
572 4064 735 4147 equidem
728 4081 755 4114 ια
784 4066 852 4116 solio
880 4067 921 4116 avi
938 4066 1009 4128 mei,
1032 4072 1173 4134 postquam

84 4143 206 4186 mortuus
224 4143 296 4196 erat,
323 4135 409 4187 donec
438 4144 516 4206 pater
540 4152 629 4188 ira-eus
642 4137 671 4188 in
690 4135 782 4188 urbem
805 4137 917 4190 veniret.
955 4136 1079 4205 quocirca
1099 4153 1173 4206 spem

146 4243 215 4296 Hirr.
230 4243 282 4313 pol.
305 4243 354 4296 ΟΡ.
956 4246 972 4296 5
