2946 4830
711 153 718 158 ·
778 89 797 130 V

190 336 198 364 „
234 275 333 348 sea
624 254 631 334 ἰ
704 279 902 347 arcannii
950 295 954 312 ·

259 459 362 525 φορας
382 430 516 508 ντ’κόνας
524 431 666 516 μεγάλας
690 431 745 496 κατ’
755 431 883 522 μικράς,
913 430 993 515 μετὰ
1016 420 1282 518 τιλμορφοοτάταις
1308 437 1371 496 πο-

259 540 340 616 aare,
362 533 418 598 καί
436 529 594 616 κανδήλας
615 527 796 617 ἔμπροσθεν
811 529 924 597 αὐτῶν.
969 531 1150 614 ἑλοίμιιρονε
1173 534 1284 597 δὲκαὶ
1306 531 1371 607 τὰς

258 637 392 710 κολόνας
413 637 469 702 τοῦ
489 637 569 698 ναοῦ
592 632 649 696 καί
667 629 767 697 πάντα
790 633 829 697 τὰ
845 633 996 718 πορφυρᾶ
1017 635 1071 696 καί
1089 629 1259 718 μάρμαρα,
1281 633 1371 695 ὀποῦ

258 732 348 803 εἶναι
377 739 553 819 κολλημένα
587 735 701 798 α’ντάνω
734 732 789 798 καί
809 735 893 798 κάτα
924 737 970 807 εἰς
988 733 1061 808 τούς
1084 735 1220 815 τοίχους.
1265 729 1369 812 ἔκαμε

259 839 295 904 66
318 839 374 901 καί
392 836 548 921 κανδήλας
579 835 721 919 ἀργυρᾶς
744 832 864 918 ὡραίας
885 837 926 914 μὲ
955 834 990 897 rt
1014 833 1167 918 χρυσάφη
1195 837 1400 915 τὲσσαρας.5
1469 817 1470 828 ¹

260 937 315 1004 καί
333 937 390 1022 τὴν
409 940 467 1019 μὲν
496 933 573 1018 μίαν
606 933 718 1017 ἔβαλεν
751 933 931 1019 ἔμπροσθεν
949 939 1012 1018 τῆς
1041 935 1223 1016 τλτστιοτικῆς
1242 935 1367 1008 εἰκόνος

260 1062 318 1106 τον
344 1039 455 1122 κυρίου
478 1037 566 1122 ἡμῶν
583 1037 686 1122 Ἰησοῦ
709 1039 863 1119 Χριστοῦ.
883 1035 940 1120 τήν
962 1037 997 1100 δὲ
1013 1033 1368 1118 δευτέρανέμντροσθεν

261 1143 316 1226 τῆς
336 1141 565 1224 θεομιρτορικῆς
587 1136 707 1212 εἰκόνος
730 1139 785 1220 τῆς
806 1139 1094 1220 παμμακαρίοτου,
1126 1133 1181 1219 τὴν
1199 1137 1234 1199 66
1254 1139 1369 1219 τρίτην

262 1231 387 1304 ἶν’νιοθεν
407 1239 462 1302 τοῦ
501 1240 641 1318 τὲμπλου
665 1239 721 1300 τοῦ
741 1240 885 1320 χρυσοῦ,
919 1233 1001 1299 6κοῦ
1031 1233 1100 1300 ἔναι
1122 1231 1138 1298 6
1162 1231 1301 1318 σταυρὸς
1323 1237 1368 1314 μὲ

261 1337 295 1406 τὰ
318 1337 508 1457 χρυσίρη,
514 1335 570 1400 καί
591 1333 661 1401 ἔιαι
693 1341 919 1458 σταρρωμὲνος
939 1340 984 1412 εἰς
1012 1337 1113 1401 ου’τὸν
1134 1336 1150 1400 6
1173 1336 1283 1420 κύριος
1310 1335 1370 1399 καί
1382 1357 1421 1411 10

261 1437 369 1524 σωτὴρ
394 1439 451 1502 τοῦ
473 1433 612 1560 κόσμου,
634 1435 769 1512 αὕτὰςὸ
795 1438 936 1536 Χριστὸς
958 1437 1017 1521 τὴν
1045 1441 1081 1503 δὲ
1102 1439 1256 1522 τετάρτην
1275 1437 1367 1520 ἐκρέ-

261 1561 363 1622 puceu
383 1539 429 1612 εἰς
462 1535 520 1619 τὴν
542 1539 642 1621 μέσην
671 1539 726 1600 τοῦ
750 1541 843 1621 ναοῦ,
875 1541 955 1621 λέγω
980 1541 1026 1615 εἰς
1060 1535 1115 1603 τόν
1145 1537 1370 1619 χορόν.καί

262 1638 356 1704 τόσον
381 1636 611 1722 λαμπρότατον
632 1635 687 1700 καί
707 1637 903 1722 πάντερνινον
925 1639 1065 1704 tartaros
1088 1637 1143 1702 τὸν
1169 1635 1267 1701 ου’τὸν
1286 1633 1368 1700 ναόν

214 1816 217 1828 ¹
261 1741 318 1824 τῆς
338 1739 621 1823 παμμακαρίστοο,
653 1734 700 1804 ὅτι
722 1742 892 1826 ἐπληρώθη
913 1737 949 1804 τὸ
984 1737 1072 1824 ἱερὸν
1094 1740 1199 1822 λόγιον
1220 1735 1255 1802 τὸ
1276 1737 1368 1818 λέγον
1469 1817 1470 1830 ¹

263 1840 422 1924 “ου’ρανός
445 1837 669 1926 πολίφωτοςῆ
693 1831 869 1927 ἐκκλησία.”
914 1839 969 1904 καί
990 1839 1046 1904 ὲοὶν
1069 1838 1164 1928 θέλῃς
1182 1837 1222 1904 υὰ
1244 1845 1366 1924 alippa.
1381 1859 1419 1911 15

263 1943 411 2028 φορηθῇς
434 1943 480 2017 εἷς
495 1945 598 2023 τοῦτο,
620 1946 658 2026 τῆ
671 1940 776 2024 νύκτα,
798 1944 899 2026 χωρίς
914 1941 956 2006 ’νιλ
980 1939 1129 2022 α’νὰψουν
1151 1945 1220 2026 φῶς
1235 1943 1280 2017 εἰς
1302 1939 1368 2003 66-

261 2041 316 2108 τόν
338 2039 395 2106 τὸν
414 2041 499 2128 ναόν,
523 2039 639 2124 λα’μντει
657 2043 699 2118 ὥς
722 2043 738 2106 6
763 2037 850 2128 ἥλιος
865 2036 934 2128 ὅλη,
959 2045 1014 2106 κατ’
1029 2041 1158 2128 φωτίζει
1180 2041 1290 2106 (ἰννάνω
1310 2044 1371 2106 καί

262 2141 357 2222 κάτα,
377 2145 434 2206 καί
459 2145 542 2224 μέσα
565 2147 619 2207 καί
646 2141 718 2224 ἔξω,
747 2143 801 2206 καί
822 2145 867 2219 εἰς
888 2142 962 2220 τούς
984 2142 1164 2227 ναρθὴκους
1183 2145 1240 2206 καί
1260 2144 1304 2218 εἰς
1326 2140 1369 2206 τὰ

251 2239 535 2328 ,παρεκκλησίοι,’
516 2243 576 2307 ant
592 2267 624 2309 τε
646 2249 703 2308 τοῦ
721 2248 908 2330 χροσσφίου
931 2247 985 2309 καί
1004 2247 1060 2310 τοῦ
1080 2245 1209 2325 ἀσιμίοο
1230 2245 1285 2306 κατ’
1302 2243 1371 2344 τοῖν

266 2335 372 2410 ἄλλων
392 2345 625 2474 λαμπροτάτων
647 2349 838 2426 στολιομαῖν.
1379 2359 1419 2413 20

317 2445 456 2536 Εκαμο
478 2455 513 2520 66
536 2453 592 2518 καί
608 2457 724 2528 κτίσεις
744 2451 778 2518 ἐκ
799 2453 932 2538 βάθρων
947 2457 1004 2537 γῆς
1025 2451 1125 2517 πολλοὶ
1144 2420 1371 2572 ὡραιοτάτοις.

263 2553 349 2641 οἷρχὴ
373 2553 470 2637 ἔκαμε
494 2553 639 2640 δεύτερον
661 2561 748 2620 θεῖον
764 2560 883 2619 κελλίον
905 2556 1007 2619 αὐτοῦ
1029 2551 1272 2638 κατριαρχικόν,
1296 2560 1372 2617 κολ

265 2659 399 2741 λημένον
415 2655 496 2740 μετὰ
512 2660 571 2721 τοῦ
594 2653 730 2742 πρώτου.
755 2657 810 2722 καί
830 2653 864 2720 τὸ
887 2659 1019 2742 πρῶτον,
1043 2653 1370 2742 καὶσαλαιόν,ἔιιαμε

266 2909 295 2956 αλ
313 2920 383 2974 quae
405 2903 555 2972 parietibus
578 2902 707 2955 adiuncta
736 2909 800 2954 sunt
825 2917 956 2954 marmora
986 2918 1035 2954 sen
1062 2917 1199 2973 purpurea
1227 2916 1274 2952 seu
1294 2899 1369 2951 allus

265 2975 374 3050 culmis,
393 2989 475 3042 supra
494 2983 522 3026 st
543 2975 623 3036 infra,
642 2975 666 3024 ei
687 2973 769 3024 decus
787 2991 864 3024 suurn
884 2982 1025 3044 acceptum
1046 2975 1145 3024 referre
1165 2971 1275 3023 debent.
1298 2971 1370 3024 fecit

235 3103 247 3112 ,
265 3053 294 3098 et
312 3035 494 3127 pulcherr6ma
508 3045 671 3096 candelabra
691 3061 723 3095 ex
742 3055 865 3112 argento,
884 3062 949 3097 auro
964 3049 1068 3106 urnula,
1087 3051 1230 3114 quattrror3
1251 3059 1369 3112 quornm

263 3132 349 3166 unum
368 3115 461 3184 posuit
481 3124 545 3166 ante
555 3117 756 3200 imagineml).
775 3119 859 3166 nostri
879 3118 940 3168 lesu
960 3117 1069 3178 Christi,
1088 3117 1279 3167 alterumante
1297 3113 1369 3164 bea-

264 3185 385 3238 tissimae
402 3184 446 3236 dei
466 3185 611 3252 genitricis,
631 3187 741 3238 tertium
760 3204 840 3255 supra
851 3188 878 3237 in
894 3187 1008 3238 delubro
1022 3189 1157 3250 inaurato,
1177 3185 1222 3236 ubi
1242 3193 1284 3236 est
1301 3201 1369 3236 crux

265 3263 368 3319 aurata,
387 3255 416 3306 in
441 3273 495 3322 qua
519 3257 587 3308 fixus
615 3258 717 3342 pendet
747 3267 919 3310 conservator
937 3259 1048 3320 mnndi,
1071 3259 1102 3307 D.
1122 3264 1214 3308 noster
1232 3256 1368 3309 Christus.

266 3336 393 3398 quartum
411 3343 474 3380 vero
492 3328 659 3398 suspendit'
652 3347 680 3381 sn
691 3327 782 3380 medio
800 3331 904 3400 templi,
923 3330 970 3380 ubi
993 3329 1089 3380 chorus
1109 3337 1158 3390 est,
1177 3327 1229 3378 hoc
1241 3336 1281 3380 est
1300 3327 1368 3378 sub-

265 3399 346 3453 sellia
365 3399 540 3462 cantantium,
561 3401 673 3452 interae
693 3402 826 3471 opposita.
864 3400 1085 3469 splendidissime
1106 3399 1236 3468 denique,
1258 3407 1369 3450 etcum

266 3487 369 3524 summa
400 3472 542 3540 voluptate
561 3473 746 3534 intuentium,
771 3473 880 3523 vestivit
904 3472 956 3524 huc
982 3473 1204 3540 pammacaristas
1223 3470 1369 3540 templum,

266 3542 335 3594 adeo
356 3543 484 3594 utinen
506 3545 671 3594 satislactum
694 3544 730 3594 sit
748 3561 820 3594 sacro
839 3543 912 3594 dicto
932 3543 1057 3594 “coelum
1087 3545 1113 3594 ni
1117 3549 1176 3594 tens
1195 3549 1223 3593 et
1244 3543 1369 3592 luminu·

266 3631 324 3667 sum
346 3614 485 3666 ecclesiia
523 3613 621 3683 quodsi
641 3631 696 3664 non
716 3613 821 3676 credis,
839 3615 890 3665 nisi
910 3615 1058 3666 certissima
1088 3603 1139 3666 tib'i
1159 3615 1217 3664 eius
1237 3613 1275 3664 rei
1294 3613 1370 3664 facta

266 3687 302 3737 sit
321 3683 398 3747 fides,
415 3685 558 3752 ingredere
578 3683 648 3734 illud
668 3693 760 3746 noctu,
783 3693 810 3736 ct
827 3685 944 3748 videbis,
970 3687 1051 3738 etiam
1072 3687 1150 3737 nullo
1173 3684 1243 3735 inibi
1264 3684 1392 3734 lumine·-

219 3801 230 3811 .
266 3771 388 3816 accenso,
409 3755 514 3822 fulgere
532 3754 566 3805 ad
585 3756 669 3806 instar
688 3756 753 3806 solis
773 3763 869 3816 totum,
888 3767 916 3808 et
937 3754 1044 3808 illustre
1064 3775 1122 3808 esse
1142 3763 1266 3841 συριστὶ
1287 3754 1371 3817 infra,

266 3828 340 3879 intus
360 3835 388 3878 et
410 3835 503 3892 extra3
529 3835 612 3894 atque
643 3826 816 3895 splendorem
836 3829 982 3879 affluere
975 3845 1113 3880 marcam
1145 3829 1215 3878 circa
1235 3827 1372 3896 templum

268 3899 322 3950 ct
314 3915 343 3948 sn
362 3898 461 3948 sacella
489 3896 631 3960 adiuncta,
651 3907 706 3950 tum
725 3899 758 3949 ab
778 3915 843 3949 auro
871 3909 927 3951 tum
951 3899 985 3950 ab
1007 3909 1118 3969 argento
1139 3909 1196 3952 tum
1219 3917 1233 3948 a
1256 3899 1372 3968 reliquis

268 3967 493 4034 splendidissimis
512 3969 685 4020 ornamentis.

338 4040 497 4090 Aedificavit
520 4041 599 4090 etiam
629 4040 761 4110 quaedam
787 4041 1002 4092 asunslamentis
1022 4041 1100 4091 valde
1120 4040 1241 4109 pulchre.
1281 4041 1369 4108 primo

268 4108 382 4158 alterum
401 4111 454 4161 ribi
474 4111 602 4162 conclave
618 4129 665 4162 seu
677 4113 774 4162 cellam
789 4113 999 4196 patriarchicum,
1018 4115 1105 4181 primo
1124 4115 1292 4180 contiguum.
1312 4115 1371 4180 pri-

268 4193 339 4230 mum
358 4195 422 4230 veru
442 4181 492 4233 huc
511 4181 625 4270 lncum'
619 4185 669 4234 ruri
690 4181 808 4239 dicundo
830 4185 904 4248 lecit,
922 4185 1011 4254 positu
1031 4184 1067 4236 lbi
1087 4183 1280 4255 perpulchro
1273 4201 1301 4235 m
1321 4199 1372 4254 pa·
