2954 4816
828 155 839 178 Χ

243 265 292 338 98
694 265 893 356 mamma

241 419 354 496 πασοοῖ,
375 418 420 494 εἰς
441 415 495 482 uir
515 411 722 500 πατριάρχρν,
746 410 831 490 ὅπως
854 413 892 478 vsi
922 411 1007 498 δώσῃ
1031 413 1131 474 ονίοὖ
1151 412 1276 493 θέλημα
1298 409 1338 473 vsi

241 520 299 604 τὴν
321 516 422 606 ἐπάρῃ
445 521 589 597 γυναῖκα.
648 511 664 574 ὃ
697 515 732 577 δὲ
753 509 951 596 πατριάρχης
977 513 1102 584 τελείως
1125 511 1178 572 atr
1201 508 1339 590 ἠθέλησε

242 616 281 682 rai
303 615 421 702 ἀκούσῃ
445 616 521 678 οὐδὲ
554 612 592 676 να
615 613 783 698 ἅπαδεχθῇ
803 616 944 676 τοιοῦτον
966 608 1073 691 λόγον,
1093 605 1223 682 ἔσοντας
1256 605 1339 668 ὁμοῦ

240 709 315 801 ἦτον
337 713 462 799 φανερὰ
494 715 716 795 μοιχοζευξιά,
746 715 785 776 ναὶ
815 715 938 798 παρὲβῃ
974 709 1050 784 τούς
1080 712 1189 783 θείους
1211 705 1339 786 νόμους,

241 821 297 879 καί
318 813 353 878 ui
375 814 614 896 περισσότερον,
651 812 733 880 aaron
762 810 840 892 ἐβόα
876 808 1048 892 ἧνὸμομος
1077 803 1179 872 αὐτοῦ
1200 814 1366 886 γοναῖκαὸ

241 917 296 978 καί
316 913 354 978 roi
376 915 499 977 παιδία.
549 911 593 986 ὥς
616 913 651 976 δὲ
671 907 739 975 ἴδεν
762 909 778 974 o‘
800 909 919 983 πασῐιῖς
951 903 999 972 ὅτι
1020 911 1074 972 aar
1089 903 1199 991 κάμνῃ
1221 901 1254 968 τὰ
1273 907 1339 966 ’θέ-

241 1021 327 1098 λημα
351 1013 455 1078 arisati
477 1007 494 1074 ὅ
515 1007 714 1095 πατριάρχης
740 1008 795 1074 καί
815 1009 831 1072 ὅ
863 1013 961 1090 μέγας
981 1005 1219 1092 ἐκκλησιοὶρχης,
1239 1001 1339 1083 ἔκαμε

240 1111 297 1179 τόν
316 1110 495 1192 contraires,
517 1115 572 1174 καί
592 1110 688 1190 ἔκοψα
712 1108 751 1174 τοὶ
773 1113 876 1193 γένεια
895 1112 952 1173 τοῦ
968 1105 1179 1189 πατριάρχου,
1203 1103 1258 1167 καί
1278 1105 1339 1166 τοῦ

239 1209 379 1294 μεγάλου
407 1209 638 1294 ἑκκλησιάρχου
669 1208 777 1292 ἔσχισε
809 1207 865 1292 τὴν
883 1209 976 1291 μίτην
1007 1206 1107 1270 αὐτοῦ
1130 1200 1191 1266 α’πὸ
1217 1201 1254 1266 τὰ
1276 1202 1338 1263 δύο
1365 1268 1367 1272 ,

240 1309 368 1392 πλάγια.
420 1313 475 1371 sai
504 1311 537 1372 ἐν
565 1312 607 1394 τῷ
639 1303 706 1388 ἅμα
729 1303 859 1390 εὖγαλεν
889 1305 986 1369 αὐτὸν
1018 1303 1073 1369 τὸν
1095 1304 1294 1386 πατριάρχην
1318 1297 1386 1370 ὃλθ

174 1417 181 1427 ’
239 1412 378 1488 πασιᾶς,
413 1409 467 1470 διὰ
488 1407 625 1488 ὁρισμοῦ
649 1412 706 1470 τοῦ
738 1409 932 1488 οουλτοξνου,
961 1410 995 1471 ἐκ
1017 1408 1075 1468 τοῦ
1103 1404 1338 1485 πατριαρχικοῦ

239 1504 382 1589 θρόνου,
414 1506 467 1569 καὶ
488 1506 542 1568 τὸν
562 1509 741 1583 α’νιεδίωξεν.
794 1511 849 1570 καί
871 1509 939 1570 ἐκεῖ
969 1504 1049 1568 tura
1071 1503 1204 1570 ἔκοπτον
1224 1499 1262 1564 τὰ
1284 1503 1337 1580 γέ·

240 1628 309 1668 νεια
330 1607 386 1668 τοῦ
409 1604 631 1687 πατριάρχου,
665 1603 764 1695 ἔλεγεῤ
781 1605 901 1692 μεγάλῃ
926 1608 964 1690 τῇ
996 1606 1088 1691 φωνῇ
1115 1599 1213 1681 “cdxi
1240 1597 1337 1679 μόνον

240 1704 278 1767 τὰ
302 1709 404 1787 γένεια
428 1703 465 1767 να
489 1705 553 1785 μοῦ
574 1701 694 1783 κόψοαν
707 1703 808 1770 ἕνεκεν
828 1709 883 1786 τῆς
906 1707 1056 1786 ἀληθείας
1077 1703 1132 1765 καί
1150 1699 1203 1763 aut
1229 1696 1266 1761 νοὶ
1287 1695 1334 1780 μὴ

241 1807 294 1868 aar
315 1809 443 1886 παρέβω
465 1802 540 1877 τούς
562 1801 675 1882 νόμους
697 1827 758 1883 μου
780 1808 835 1866 καί
852 1807 1010 1884 notarent,
1032 1800 1097 1886 α’μὴ
1111 1805 1166 1864 καί
1186 1799 1243 1875 τὰς
1263 1806 1333 1880 χεῖ.
1348 1811 1384 1862 15

241 1927 300 1986 ρας
324 1907 378 1966 καί
396 1901 469 1978 τούς
501 1902 601 1977 πόδας
631 1907 685 1966 καί
705 1903 762 1985 τὴν
791 1904 964 1987 κεφαλήν.”
1004 1907 1058 1968 sai
1076 1900 1149 1984 ἒτζη
1168 1896 1279 1982 εὗγῆκε
1300 1896 1337 1962 ἐκ

239 2005 297 2066 τοῦ
317 2006 550 2084 πατριαρχικοῦ
572 2000 687 2083 θρόνου
712 2006 891 2084 ὃνωγμένος.

350 2105 412 2164 Τοῦ
435 2103 470 2164 δὲ
491 2100 740 2184 ἑκκλησιάρχου,
764 2101 846 2165 ὁμοῦ
873 2099 1004 2184 ἔοχισαν
1026 2099 1083 2182 τὴν
1102 2103 1198 2182 μίτην
1224 2085 1337 2176 odensi,

240 2199 260 2282 ἦ
284 2198 371 2262 αἰτίαν
391 2192 465 2282 ἦτον
487 2195 579 2282 αὕτη.
623 2200 720 2274 αὐτὸς
741 2193 816 2282 ἦτον
836 2203 1019 2284 σοφώτατος
1046 2197 1146 2262 πολλοὶ
1170 2195 1224 2258 καί
1243 2219 1337 2275 νομι-

201 2328 208 2335 -
240 2297 441 2380 μάριος,και“
463 2301 599 2378 δίκαιος,
632 2302 686 2362 καί
706 2303 779 2363 ποτέ
798 2323 855 2362 τοο
890 2303 943 2363 dtr
966 2293 1060 2380 ἤθελε
1090 2295 1129 2362 ναὶ
1153 2299 1237 2362 aluei
1253 2293 1272 2378 ἢ
1296 2292 1383 2368 sotto

142 2399 147 2408 ’
222 2401 365 2482 ’παρὲβῃ
387 2394 446 2473 ἔξω
470 2396 531 2459 dud
566 2396 772 2462 austrasiani
801 2394 912 2483 ὅριζαν
947 2396 976 2462 ολ
1008 2403 1092 2462 auu
1124 2395 1227 2477 νόμον.
1280 2395 1336 2459 διαὶ

241 2499 335 2560 τοῦτο
367 2495 382 2557 ὃ
421 2493 636 2581 πατριάρχης,
667 2499 873 2580 ε’μνωρνζοντα
906 2500 1004 2562 ου’τόν
1023 2498 1165 2576 ·δίκαιον,
1188 2494 1244 2560 τὸν
1268 2488 1337 2576 εἶχε

242 2595 376 2660 πάντοτε
397 2596 476 2676 σιμά
496 2620 550 2660 του
582 2597 636 2662 καί
655 2597 717 2661 τὸν,
738 2598 1016 2678 ἐσομβοολεύετον.
1070 2601 1124 2662 καί
1142 2596 1243 2659 ἕνεκεν
1263 2593 1336 2658 rav'-
1405 2606 1409 2615 ‘

241 2891 345 2942 ratione
365 2908 393 2942 se
412 2887 508 2942 adduci
539 2908 631 2961 passus
651 2899 692 2942 est
714 2901 743 2942 ut
761 2892 881 2948 sortirer,
903 2891 1000 2942 nedum
1020 2891 1184 2960 approbaret
1198 2892 1261 2941 'eam
1283 2907 1336 2960 pe-

181 2958 188 2978 ’
239 2963 374 3022 titionem,
393 2963 466 3031 quod
485 2971 585 3012 certum
606 2971 676 3012 esset
697 2979 803 3030 prorsus
822 2961 1002 3012 adulterinum
1022 2980 1079 3013 esse
1100 2963 1262 3028 coniugium,
1283 2978 1336 3012 nec

240 3033 343 3100 absque
363 3031 511 3081 divinarum
533 3034 620 3098 legum
638 3035 846 3097 transgressione
859 3034 971 3083 concedi
990 3050 1077 3103 posse.
1115 3031 1260 3083 accedebat
1281 3031 1335 3082 hoc

242 3103 367 3168 amplius,
387 3101 459 3170 quod
482 3120 546 3151 uxor
565 3103 623 3152 eius
642 3110 669 3152 et
688 3103 764 3151 liberi
786 3103 976 3154 reclamabant.
1022 3113 1052 3154 ut
1070 3104 1151 3171 igitur
1169 3102 1245 3152 bassa
1264 3103 1335 3153 vidit

239 3168 415 3240 patriarcham
434 3178 461 3220 et
475 3173 598 3238 'magnum
617 3173 821 3222 ecetesiareham
841 3175 921 3240 piane
939 3191 953 3222 a
969 3173 1086 3240 gerendo
1100 3174 1142 3224 illi
1162 3190 1262 3223 morem
1283 3171 1335 3222 ab-

240 3243 366 3299 horrere,
396 3240 469 3308 apud
486 3242 621 3292 sultanum
653 3243 774 3294 obtinuit
795 3252 823 3293 ut
842 3245 1007 3311 patriarchae
1032 3245 1114 3294 barba
1131 3243 1335 3313 praecideretur
1415 3305 1418 3309 Ι

241 3319 269 3361 et
286 3310 372 3376 magni
395 3312 587 3364 ecclesiarchae
606 3331 685 3363 nasus
705 3315 737 3364 ab
757 3323 873 3382 utroque
893 3315 977 3365 latere
999 3315 1154 3365 finderetur.
1191 3315 1333 3364 aestatim

239 3381 296 3431 sine
307 3397 381 3430 mora
397 3381 573 3450 patriarcham
587 3383 676 3434 edicto
696 3385 766 3452 regio
778 3401 792 3434 e
806 3385 984 3453 patriarchico
997 3387 1095 3437 throno
1117 3383 1230 3435 deduxit
1249 3393 1334 3453 atque

240 3451 304 3500 inde
322 3450 435 3519 depulit.
474 3454 557 3504 “mihi
578 3455 657 3504 vero”
686 3456 728 3506 iu*
747 3455 841 3506 eodem
862 3457 939 3517 ioco,
964 3456 1009 3506 ubi
1027 3455 1126 3506 barbae
1148 3455 1332 3506 desectionem

240 3537 334 3590 passus
358 3523 452 3584 scierat,
471 3541 566 3590 magua
598 3526 645 3574 ille
666 3541 730 3574 voce
749 3527 840 3594 inquit
856 3535 929 3577 “non
949 3536 1052 3578 tantum
1072 3520 1183 3576 barbam
1203 3525 1333 3575 deserent

241 3587 470 3652 veritatis'c'ausa‚
490 3603 516 3644 et
534 3611 567 3644 ne
589 3593 768 3660 transgrediar
787 3597 860 3661 leges
878 3614 950 3648 uaeas
969 3605 1050 3666 atque
1071 3599 1098 3647 in
1118 3613 1219 3665 poenas
1239 3597 1332 3646 incur-

179 3690 182 3696 *
243 3678 306 3722 ram,
325 3662 370 3710 sed
393 3663 463 3729 ipsas
482 3665 561 3713 etiam
583 3681 675 3714 uranus
695 3665 722 3714 et
743 3665 825 3732 pedes
850 3675 932 3736 atque
951 3668 1018 3720 adeo
1042 3677 1122 3736 caput
1142 3667 1256 3737 ipsum.''
1293 3667 1333 3716 ita

242 3730 419 3801 patriarchica
443 3735 506 3784 sede
528 3735 655 3802 expulsus
675 3736 749 3784 exiit.

311 3817 396 3868 Causa
417 3827 506 3868 autem
521 3837 568 3869 cur
588 3822 781 3874 ecclesiarchae
798 3839 878 3874 nasus
897 3823 974 3874 fissus
995 3824 1086 3886 fuerit,
1106 3823 1159 3874 suit
1178 3823 1254 3874 baec,
1274 3829 1334 3873 erat

200 3955 203 3958 ι
241 3889 263 3937 is
288 3890 327 3938 vir
342 3889 484 3956 'sapientia
512 3899 665 3957 praestans,
684 3892 773 3959 legum
796 3894 1055 3954 observantissimus,
1073 3895 1192 3946 iustitiae
1213 3892 1334 3944 deditus.

241 3974 426 4026 necunquam
445 3975 477 4009 eo
496 3959 592 4010 deduci
615 3963 703 4028 potuit
722 3971 751 4013 ut
771 3965 814 4013 rel
832 3965 968 4014 minimam
987 3965 1088 4016 diceret
1105 3965 1239 4016 iaceretve
1258 3963 1335 4032 quod

241 4037 348 4094 praeter
366 4028 481 4080 officium
499 4038 526 4080 et
544 4030 695 4082 divinarum
714 4033 801 4098 legum
822 4043 964 4102 praecepta
993 4035 1072 4086 foret.
1109 4043 1253 4104 propterea
1283 4049 1336 4084 co-

242 4099 371 4163 gnoscens
390 4100 427 4150 ita
461 4101 563 4152 bonum
583 4103 668 4154 virum
693 4103 844 4172 patriarcba
875 4121 979 4175 semper
999 4107 1088 4175 ipsum
1120 4106 1220 4158 versari
1239 4121 1332 4156 secum
