2946 4830
249 273 323 350 236
524 271 527 278 ’
627 285 684 352 nn
713 283 842 364 nasus
870 283 978 352 mini

349 447 463 512 Πολλοὶ
494 451 529 512 δὲ
560 447 723 534 βρηνήσας
752 446 807 514 καὶ
825 445 986 532 πενθήσας
1019 441 1172 534 drodant
1194 446 1346 527 σύντονος

245 545 373 630 Ἰζαοῦ,
400 553 454 614 καί
483 553 645 626 ἐκτελέσας
677 549 735 626 talc
764 554 936 632 πενθίμους
970 547 1090 635 ἡμέρας
1121 551 1237 635 α’ξιίας,
1263 551 1342 632 μετὰ

245 645 364 732 χρόνον
395 645 464 724 iric
495 650 703 736 παραδρομὴν
742 651 932 735 ἠναγκάζετο
967 649 1053 732 nopai
1083 654 1144 716 τιόν
1180 652 1345 736 ἀρχόντων

249 747 422 814 adsociant*
451 753 510 814 τοῦ
530 751 704 834 ἀρχιερέως
733 755 778 827 εἰς
797 751 834 818 τὰ
864 752 944 834 πρὸς
969 751 1122 816 σύστασιν
1142 753 1198 816 κατ’
1219 754 1345 837 εἰρήνην

247 851 304 916 τοῦ
324 847 444 932 τόσου,
475 853 531 915 καί
549 851 757 936 μνηστεύεται
777 852 833 936 την
855 857 1017 936 θυγατέρα
1039 855 1094 917 rori
1115 852 1222 916 Στιᾰτα
1247 853 1373 936 Eteri-b

248 976 303 1037 νην
323 954 535 1036 καλουμένην·
579 954 657 1038 γυνη
681 957 709 1016 δ’
733 949 770 1037 ἦν
785 956 933 1036 decipula,
957 952 1138 1038 φρονήματι
1159 953 1214 1018 καί
1235 948 1346 1018 κάλλει

234 1049 406 1138 'adapertile
436 1055 491 1120 κατ’
521 1053 619 1141 ἀρετῇ
648 1058 906 1139 περιβεβλημένη.
961 1058 1016 1117 τοῦ
1043 1051 1147 1136 γόμου
1171 1056 1205 1118 δὲ
1229 1052 1345 1118 ἐκτελε.

245 1155 385 1236 τιθέντος,
407 1154 484 1237 μηνὶ
502 1153 704 1242 Ἰανουαρίῳ,
728 1157 918 1230 ἰνδικτιαῖνος
939 1158 972 1239 4,
996 1151 1085 1228 ἔτους
1108 1153 1201 1234 6904,
1222 1151 1284 1218 α’τιό
1309 1157 1345 1218 δὲ

246 1256 393 1335 Χριστοῦ
418 1240 526 1339 1396,-
545 1264 613 1334 μετ’
644 1253 750 1338 ὀλίγας
781 1255 902 1340 ἡμέρας
932 1254 1045 1338 κατέβη
1067 1249 1083 1315 ὅ
1105 1257 1269 1338 Βρανέζης
1291 1257 1345 1318 καὶ

246 1348 383 1437 ὁ,’1αξη”ς
405 1352 483 1418 κατὰ
507 1358 563 1418 τοῦ
588 1355 704 1440 Γιόνη,
733 1354 883 1419 κάκεῖθεν
910 1354 1092 1431 διελθόντας
1120 1358 1248 1434 ἐδέξατο
1269 1355 1395 1422 roal-1⁰

245 1461 317 1531 τους
340 1453 355 1517 ri
380 1454 509 1536 Σσάτας
534 1458 567 1522 ἐν
599 1461 639 1544 τῇ
660 1461 829 1544 τοσοθισίηι
851 1459 905 1520 ro'ri
928 1458 1088 1537 Δρίσκου·
1132 1459 1186 1520 καί
1207 1457 1345 1534 πόλεμον

244 1545 505 1636 συνεκροτῖσσντο,
526 1556 580 1621 καί
600 1557 772 1642 σφάξαντες
797 1557 825 1620 οἱ
845 1561 1036 1640 Χριστιανοὶ
1053 1555 1128 1632 τούς
1147 1557 1345 1640 Ἰσμαηλίτας

222 1657 436 1734 Ἰκατεδιόοξιιν
458 1659 562 1722 α’σίσω
585 1657 699 1734 αὐτοὺς
721 1659 780 1733 ἕως
801 1662 855 1742 τῆς
879 1661 1118 1740 Φανερωμὲνης.
1161 1655 1190 1724 οἱ
1216 1659 1250 1722 δὲ
1274 1658 1345 1723 Ἀλ-

221 1760 372 1838 ,βανῖται
395 1761 550 1835 ἐξέδωκαν
579 1755 714 1832 ἑαυτούς
736 1763 781 1835 εἰς
802 1761 920 1842 κου’ρση
940 1757 993 1820 καί
1014 1760 1120 1842 κέρδη.
1178 1754 1346 1845 φεύγοντες

245 1859 280 1920 δὲ
301 1854 316 1920 ὁ
341 1861 504 1944 Βρανὲζης
527 1862 580 1924 καί
608 1855 624 1922 6
651 1863 742 1942 Ιαξης
763 1865 830 1940 μετ’
853 1859 985 1941 ὀλίγων,
1008 1857 1039 1922 οἵ
1059 1861 1114 1922 καί
1134 1862 1261 1931 πλείους
1283 1861 1345 1923 miv
1356 1882 1395 1935 15

244 1963 444 2040 τριακοσίων,
470 1957 519 2024 ὅτε
542 1953 672 2044 ἤγγισαν
692 1960 748 2036 τὰς
772 1959 964 2044 narseum,
985 1964 1179 2046 στραφέντες
1202 1957 1230 2024 οἱ
1248 1960 1344 2044 'Apu

245 2047 336 2143 ρηνοί
356 2055 490 2138 ἐδίωξαν
510 2062 584 2135 τούς
606 2060 844 2145 Χριστιανούς,
874 2065 926 2124 καί
952 2057 1094 2146 ἔσφαξαν
1125 2061 1181 2123 oriar
1209 2061 1344 2142 ὀλίγους,

227 2155 343 2224 ἀὐτοὶ
365 2161 400 2223 δὲ
422 2162 632 2246 διεσώθησαν.
1390 2139 1404 2162 ‚

338 2253 445 2335 Ἔτους
468 2265 502 2326 δὲ
526 2264 619 2342 6907,
642 2264 834 2340 ι’νιλικτιαῖνος
853 2267 882 2352 7,
903 2263 1002 2349 μηνὸς
1018 2265 1203 2349 Ἀπριλλίου
1227 2269 1255 2345 5,
1278 2262 1342 2328 α’τιὸ

248 2361 283 2424 δὲ
305 2363 452 2444 Χριστοῦ
478 2363 566 2443 1399,
588 2361 664 2427 κατὰ
689 2362 722 2427 τὸ
741 2363 934 2448 α’ντίτιασχα,
961 2365 1162 2447 ἐκστρατεύει
1185 2363 1265 2428 κατὰ
1287 2366 1399 2445 τοῦφρ

192 2462 195 2466 ’
246 2459 344 2546 Γιόνη
366 2464 424 2526 τοῦ
444 2468 597 2549 Ζενεβίση
626 2463 765 2544 ὄἸζαοῦ
786 2464 866 2548 μετὰ
900 2465 1001 2549 πάσης
1020 2468 1075 2550 τῆς
1097 2467 1262 2546 δυνάμεως
1287 2460 1346 2528 αὖ.

246 2565 313 2626 τοῦ.
356 2563 546 2643 τ’ττισυνάξας
568 2559 623 2630 οὖν
636 2563 674 2630 τὰ
698 2563 929 2650 στρατεύματα,
950 2565 1024 2642 τούς
1041 2590 1073 2630 τε
1088 2569 1347 2642 Μαλακασαιόυς

246 2669 301 2730 καί
320 2669 599 2753 Μαζαρακαιόυς,
627 2666 673 2735 ἔτι
695 2669 804 2734 δὲκαὶ
834 2667 909 2746 τούς
932 2672 991 2734 τοῦ
1013 2672 1185 2753 Παιτίγκου
1207 2665 1347 2732 καὶτῶν

345 3005 408 3056 Post
428 3006 542 3056 multum
563 2998 665 3056 luctum
683 3012 711 3055 et
735 3019 885 3054 moerorem
911 3004 969 3054 eius
989 3021 1057 3055 uxor
1074 3003 1148 3054 lzaus
1170 3003 1240 3054 insto
1263 3018 1344 3071 pera·

244 3077 294 3126 ctis
314 3074 411 3125 diebus
430 3076 588 3142 lugubribus
609 3084 671 3143 post
689 3092 786 3125 annum
802 3092 885 3125 unum
903 3093 917 3124 a
937 3074 1104 3145 principibus
1116 3075 1172 3126 auis
1191 3082 1218 3125 et
1236 3073 1344 3124 archie-

245 3149 355 3214 piscopo
374 3148 492 3197 monitus
523 3157 582 3208 est,
602 3156 633 3197 ut
651 3147 876 3214 tranquillitatem
896 3156 923 3199 et
942 3165 1034 3214 pacem
1055 3147 1162 3216 imperii
1181 3154 1295 3207 curaret,
1314 3137 1346 3196 'et

204 3264 209 3277 ,
245 3219 341 3267 irenen
369 3218 467 3286 Spatae
492 3218 573 3268 liliam
610 3219 638 3268 in
667 3219 865 3269 matrimonium
893 3219 985 3284 ducit;
1015 3219 1113 3270 mulier
1140 3226 1196 3269 crat
1222 3225 1345 3279 strenua,

243 3295 334 3338 mente
356 3296 383 3339 et
405 3287 606 3359 pulchritudine
626 3290 730 3350 decora,
749 3298 777 3341 et
796 3291 895 3340 virtute
926 3289 1056 3354 praedita.
1094 3291 1197 3359 nuptiis
1217 3288 1344 3339 celebra-

243 3361 287 3421 tis,
307 3375 397 3411 meuse
419 3362 550 3423 ianuario,
571 3361 728 3412 indictionis
746 3359 773 3424 4,
794 3378 865 3412 anno
886 3359 972 3423 6904,
999 3379 1025 3430 p.
1047 3361 1107 3414 Chr¹
1128 3379 1147 3412 n
1176 3359 1251 3421 1396,
1272 3377 1346 3429 μου.

244 3431 283 3482 cis
303 3430 398 3483 diebus
418 3442 479 3502 post
500 3435 627 3484 Branezes
647 3443 674 3485 et
702 3436 776 3484 lanes
806 3443 899 3484 contra
915 3435 1037 3484 Gionsm
1058 3431 1173 3502 proiecti
1194 3441 1267 3494 sunt,
1287 3431 1347 3482 ibi-

243 3519 297 3573 que
319 3513 522 3572 praetereuntes
549 3506 655 3572 eicepit
680 3505 728 3554 hos
748 3506 843 3574 Spatas
871 3506 899 3555 in
925 3505 1033 3571 regione
1065 3504 1170 3566 Drisci‚
1191 3519 1345 3572 manusque

244 3584 448 3637 conseruerunt,
468 3586 496 3628 et
515 3576 658 3628 Christiani
678 3577 819 3626 ismaelitis
841 3576 933 3627 multis
952 3576 1104 3626 interfectis
1123 3575 1186 3625 illos
1205 3577 1347 3646 persecuti

244 3654 307 3697 aunt
326 3663 411 3715 usqua
430 3647 463 3696 ad
485 3648 724 3699 Phaneromenam.
763 3647 905 3699 libanitae
923 3656 1013 3698 autern
1033 3646 1149 3714 praedae
1169 3654 1197 3696 et
1216 3647 1291 3696 luero
1313 3663 1346 3696 se

244 3717 398 3778 dederuut,
423 3719 550 3770 Barnezes
577 3727 604 3770 et
623 3718 698 3770 lases
717 3712 776 3768 ¹cum
797 3721 906 3786 paucis,
928 3720 975 3788 qui
996 3728 1083 3769 tamen
1104 3717 1217 3769 trecenti
1238 3725 1265 3767 et
1284 3734 1347 3767 am-

244 3789 316 3858 plius
337 3796 413 3839 eraut
430 3805 557 3851 numero,
579 3799 722 3860 postquam
741 3790 769 3841 in
790 3791 858 3856 fuga*
877 3789 910 3840 ad
931 3791 1052 3842 Pectoraa
1072 3797 1248 3849 accesserunt,
1270 3789 1349 3854 Aga-

244 3861 300 3910 reni
327 3859 424 3910 reversi
445 3859 613 3911 Christianos
638 3863 772 3930 persecuti
790 3870 869 3927 sunt,
890 3869 918 3913 at
945 3861 1141 3914 interfecerunt
1159 3878 1214 3912 noo
1232 3877 1348 3928 paucos,

244 3931 297 3998 ipsi
315 3939 405 3982 autem
423 3931 490 3981 salvi
511 3930 699 3984 discesserunt.

345 4003 421 4052 Anno
441 4011 529 4053 autern
547 4000 632 4068 6907,
653 4003 810 4056 indictionis
830 4006 864 4066 7,
884 4005 928 4056 die
949 4006 965 4056 5
984 4006 1082 4056 mensis
1101 4003 1210 4074 Aprilis,
1229 4021 1256 4073 p.
1277 4003 1347 4054 Chr.

244 4087 270 4120 n.
294 4069 378 4134 1399,
397 4073 465 4124 circa
491 4083 598 4144 tempus
628 4077 767 4144 paschale,
787 4079 860 4127 lmus
880 4094 938 4126 cunr
961 4085 1020 4127 toto
1041 4093 1088 4128 suo
1109 4077 1227 4127 exercitu
1246 4083 1348 4126 contra

244 4139 353 4192 Giouen
377 4141 533 4198 Zenobisern
563 4147 746 4216 proficiscitur.
791 4165 851 4199 curn
876 4149 958 4213 igitur
977 4149 1069 4216 copias
1090 4149 1230 4216 coegisset,
1250 4145 1348 4198 Mala·
1382 4213 1386 4219 Ι

200 4232 201 4236 ’
244 4226 352 4272 Μῦθον
373 4223 400 4272 et
420 4217 620 4286 Mazaracaeos,
641 4228 668 4272 et
688 4219 789 4272 incolas
809 4219 918 4288 Papingi
945 4226 972 4271 et
1000 4219 1102 4288 Zagorii
1125 4227 1153 4272 et
1174 4218 1348 4288 Drynopolis
