<?xml version="1.0" encoding="UTF-8"?>
<!DOCTYPE html PUBLIC "-//W3C//DTD XHTML 1.0 Transitional//EN"
    "http://www.w3.org/TR/xhtml1/DTD/xhtml1-transitional.dtd">
<html xmlns="http://www.w3.org/1999/xhtml" xml:lang="en" lang="en">
 <head>
  <title>
</title>
<meta http-equiv="Content-Type" content="text/html;charset=utf-8" />
  <meta name='ocr-system' content='tesseract 3.04.00' />
  <meta name='ocr-capabilities' content='ocr_page ocr_carea ocr_par ocr_line ocrx_word'/>
</head>
<body>
  <div class='ocr_page' id='page_1' title='image "./corpusscriptoru16niebgoog_0175.png"; bbox 0 0 2954 4816; ppageno 0'>
   <div class='ocr_carea' id='block_1_1' title="bbox 155 237 963 328">
    <p class='ocr_par' dir='ltr' id='par_1_1' title="bbox 155 237 963 328">
     <span class='ocr_line' id='line_1_1' title="bbox 155 237 963 328; baseline -0.011 -12"><span class='ocrx_word' id='word_1_1' title='bbox 155 309 164 316; x_wconf 90' lang='lat'>.</span> <span class='ocrx_word' id='word_1_2' title='bbox 273 237 342 324; x_wconf 76' lang='lat' dir='ltr'>too</span> <span class='ocrx_word' id='word_1_3' title='bbox 496 323 498 328; x_wconf 42' lang='grc'>,</span> <span class='ocrx_word' id='word_1_4' title='bbox 630 245 633 253; x_wconf 64' lang='grc'>“</span> <span class='ocrx_word' id='word_1_5' title='bbox 718 239 963 308; x_wconf 66' lang='lat' dir='ltr'>rrrsaoara‘¹</span> 
     </span>
    </p>
   </div>
   <div class='ocr_carea' id='block_1_2' title="bbox 182 383 1462 2445">
    <p class='ocr_par' dir='ltr' id='par_1_2' title="bbox 182 383 1462 2445">
     <span class='ocr_line' id='line_1_2' title="bbox 268 383 1370 476; baseline 0.006 -24"><span class='ocrx_word' id='word_1_6' title='bbox 268 389 386 473; x_wconf 70' lang='grc' dir='ltr'><strong><em>ὑπῆγεν</em></strong></span> <span class='ocrx_word' id='word_1_7' title='bbox 408 389 452 462; x_wconf 80' lang='grc' dir='ltr'>εἰς</span> <span class='ocrx_word' id='word_1_8' title='bbox 474 388 529 452; x_wconf 83' lang='grc' dir='ltr'>τὸν</span> <span class='ocrx_word' id='word_1_9' title='bbox 550 391 679 470; x_wconf 80' lang='grc' dir='ltr'><strong><em>πασιιῖν,</em></strong></span> <span class='ocrx_word' id='word_1_10' title='bbox 704 386 752 452; x_wconf 80' lang='grc' dir='ltr'><strong><em>ὅτι</em></strong></span> <span class='ocrx_word' id='word_1_11' title='bbox 768 383 835 471; x_wconf 79' lang='grc' dir='ltr'><em>εἶχε</em></span> <span class='ocrx_word' id='word_1_12' title='bbox 858 389 1037 476; x_wconf 81' lang='grc' dir='ltr'><strong><em>παρρησίαν</em></strong></span> <span class='ocrx_word' id='word_1_13' title='bbox 1059 391 1075 454; x_wconf 80' lang='grc' dir='ltr'><em>ὅ</em></span> <span class='ocrx_word' id='word_1_14' title='bbox 1097 391 1298 475; x_wconf 76' lang='grc' dir='ltr'><em>πατριάρχης</em></span> <span class='ocrx_word' id='word_1_15' title='bbox 1323 397 1370 468; x_wconf 79' lang='grc' dir='ltr'>εἰς</span> 
     </span>
     <span class='ocr_line' id='line_1_3' title="bbox 268 484 1371 569; baseline 0.001 -18"><span class='ocrx_word' id='word_1_16' title='bbox 268 487 368 552; x_wconf 79' lang='grc' dir='ltr'><strong><em>αιίτὸν</em></strong></span> <span class='ocrx_word' id='word_1_17' title='bbox 392 491 446 550; x_wconf 86' lang='grc' dir='ltr'>καί</span> <span class='ocrx_word' id='word_1_18' title='bbox 476 486 637 569; x_wconf 80' lang='grc' dir='ltr'><strong><em>οἶγαπᾶτον</em></strong></span> <span class='ocrx_word' id='word_1_19' title='bbox 659 489 758 551; x_wconf 73' lang='grc' dir='ltr'><strong><em>πολλοὶ</em></strong></span> <span class='ocrx_word' id='word_1_20' title='bbox 781 496 855 569; x_wconf 88' lang='grc' dir='ltr'><strong><em>παρ’</em></strong></span> <span class='ocrx_word' id='word_1_21' title='bbox 884 487 983 552; x_wconf 83' lang='grc' dir='ltr'><strong><em>ου’τοῦ</em></strong></span> <span class='ocrx_word' id='word_1_22' title='bbox 1003 491 1062 551; x_wconf 75' lang='grc' dir='ltr'>τοῦ</span> <span class='ocrx_word' id='word_1_23' title='bbox 1083 494 1194 552; x_wconf 81' lang='grc' dir='ltr'><strong><em>πασιᾶ.</em></strong></span> <span class='ocrx_word' id='word_1_24' title='bbox 1238 484 1312 569; x_wconf 76' lang='grc' dir='ltr'><strong><em>ἦτον</em></strong></span> <span class='ocrx_word' id='word_1_25' title='bbox 1333 491 1371 554; x_wconf 79' lang='grc' dir='ltr'>δὲ</span> 
     </span>
     <span class='ocr_line' id='line_1_4' title="bbox 258 584 1370 671; baseline 0.003 -28"><span class='ocrx_word' id='word_1_26' title='bbox 258 587 285 647; x_wconf 78' lang='grc' dir='ltr'>,ὃ</span> <span class='ocrx_word' id='word_1_27' title='bbox 313 589 566 668; x_wconf 81' lang='grc' dir='ltr'><strong><em>Τοιιλφιπασιιῖς,</em></strong></span> <span class='ocrx_word' id='word_1_28' title='bbox 590 585 606 648; x_wconf 83' lang='lat' dir='ltr'>o‘</span> <span class='ocrx_word' id='word_1_29' title='bbox 629 590 753 667; x_wconf 74' lang='grc' dir='ltr'><strong><em>πρῶτος</em></strong></span> <span class='ocrx_word' id='word_1_30' title='bbox 775 590 912 670; x_wconf 76' lang='grc' dir='ltr'><strong><em>βεζίρης.</em></strong></span> <span class='ocrx_word' id='word_1_31' title='bbox 958 587 1011 649; x_wconf 85' lang='grc' dir='ltr'>καί</span> <span class='ocrx_word' id='word_1_32' title='bbox 1032 585 1075 660; x_wconf 72' lang='grc' dir='ltr'>ὥς</span> <span class='ocrx_word' id='word_1_33' title='bbox 1098 584 1203 671; x_wconf 74' lang='grc' dir='ltr'><strong><em>ἔναι’θη</em></strong></span> <span class='ocrx_word' id='word_1_34' title='bbox 1223 593 1288 668; x_wconf 84' lang='grc' dir='ltr'><strong><em>μετ’</em></strong></span> <span class='ocrx_word' id='word_1_35' title='bbox 1310 592 1370 651; x_wconf 80' lang='grc' dir='ltr'><strong><em>ου’.</em></strong></span> 
     </span>
     <span class='ocr_line' id='line_1_5' title="bbox 268 680 1370 772; baseline 0 -24"><span class='ocrx_word' id='word_1_36' title='bbox 268 689 327 748; x_wconf 75' lang='grc' dir='ltr'>τοῦ</span> <span class='ocrx_word' id='word_1_37' title='bbox 357 691 412 748; x_wconf 81' lang='grc' dir='ltr'>τοῦ</span> <span class='ocrx_word' id='word_1_38' title='bbox 441 688 565 764; x_wconf 74' lang='lat' dir='ltr'>naneti,</span> <span class='ocrx_word' id='word_1_39' title='bbox 584 685 792 767; x_wconf 67' lang='grc' dir='ltr'><strong><em>·ἧρμήνευσεν</em></strong></span> <span class='ocrx_word' id='word_1_40' title='bbox 820 688 924 749; x_wconf 78' lang='grc' dir='ltr'><strong><em>ου’τοῦ</em></strong></span> <span class='ocrx_word' id='word_1_41' title='bbox 954 680 1005 748; x_wconf 75' lang='grc' dir='ltr'><strong><em>ὅτι</em></strong></span> <span class='ocrx_word' id='word_1_42' title='bbox 1032 687 1071 750; x_wconf 79' lang='lat' dir='ltr'>vd</span> <span class='ocrx_word' id='word_1_43' title='bbox 1095 685 1173 772; x_wconf 77' lang='grc' dir='ltr'><strong><em>ἔλθῃ</em></strong></span> <span class='ocrx_word' id='word_1_44' title='bbox 1196 689 1242 760; x_wconf 81' lang='grc' dir='ltr'>εἰς</span> <span class='ocrx_word' id='word_1_45' title='bbox 1263 685 1298 750; x_wconf 79' lang='grc' dir='ltr'>τὸ</span> <span class='ocrx_word' id='word_1_46' title='bbox 1322 689 1370 748; x_wconf 81' lang='grc' dir='ltr'><strong><em>δι-</em></strong></span> 
     </span>
     <span class='ocr_line' id='line_1_6' title="bbox 268 778 1396 868; baseline -0.002 -22"><span class='ocrx_word' id='word_1_47' title='bbox 268 782 358 868; x_wconf 78' lang='grc' dir='ltr'><strong><em>βάνη,</em></strong></span> <span class='ocrx_word' id='word_1_48' title='bbox 381 787 437 846; x_wconf 81' lang='grc' dir='ltr'>καί</span> <span class='ocrx_word' id='word_1_49' title='bbox 460 782 498 846; x_wconf 85' lang='grc' dir='ltr'><strong><em>νιὶ</em></strong></span> <span class='ocrx_word' id='word_1_50' title='bbox 524 780 680 863; x_wconf 76' lang='grc' dir='ltr'><strong><em>εἰπιῖὸτι,</em></strong></span> <span class='ocrx_word' id='word_1_51' title='bbox 705 781 781 846; x_wconf 80' lang='grc' dir='ltr'><strong><em>ὅταν</em></strong></span> <span class='ocrx_word' id='word_1_52' title='bbox 804 778 901 864; x_wconf 72' lang='grc' dir='ltr'><strong><em>ἦλθεν</em></strong></span> <span class='ocrx_word' id='word_1_53' title='bbox 925 783 941 845; x_wconf 81' lang='lat' dir='ltr'>ri</span> <span class='ocrx_word' id='word_1_54' title='bbox 964 790 1101 848; x_wconf 85' lang='grc' dir='ltr'><strong><em>σουλτᾶν</em></strong></span> <span class='ocrx_word' id='word_1_55' title='bbox 1118 789 1307 868; x_wconf 79' lang='grc' dir='ltr'><strong><em>Μεχιμὲτης</em></strong></span> <span class='ocrx_word' id='word_1_56' title='bbox 1330 784 1396 847; x_wconf 72' lang='lat' dir='ltr'>noio</span> 
     </span>
     <span class='ocr_line' id='line_1_7' title="bbox 269 877 1411 969; baseline -0.001 -24"><span class='ocrx_word' id='word_1_57' title='bbox 269 880 371 969; x_wconf 74' lang='grc' dir='ltr'><strong><em>ἐπάρῃ</em></strong></span> <span class='ocrx_word' id='word_1_58' title='bbox 394 881 450 963; x_wconf 66' lang='grc' dir='ltr'>τὴν</span> <span class='ocrx_word' id='word_1_59' title='bbox 474 881 571 962; x_wconf 81' lang='grc' dir='ltr'><strong><em>πόλιν,</em></strong></span> <span class='ocrx_word' id='word_1_60' title='bbox 593 884 637 955; x_wconf 83' lang='grc' dir='ltr'>εἰς</span> <span class='ocrx_word' id='word_1_61' title='bbox 657 881 831 964; x_wconf 73' lang='grc' dir='ltr'><strong><em>τὴνιῖρχὴν</em></strong></span> <span class='ocrx_word' id='word_1_62' title='bbox 850 879 1129 961; x_wconf 66' lang='grc' dir='ltr'><strong><em>ἐλλακανπόλεμον,</em></strong></span> <span class='ocrx_word' id='word_1_63' title='bbox 1153 887 1207 944; x_wconf 81' lang='grc' dir='ltr'>καί</span> <span class='ocrx_word' id='word_1_64' title='bbox 1228 881 1369 962; x_wconf 75' lang='grc' dir='ltr'><strong><em>ἐχάλασε</em></strong></span> <span class='ocrx_word' id='word_1_65' title='bbox 1401 877 1411 897; x_wconf 75' lang='grc'><em>“</em></span> 
     </span>
     <span class='ocr_line' id='line_1_8' title="bbox 267 978 1370 1064; baseline 0.001 -21"><span class='ocrx_word' id='word_1_66' title='bbox 267 979 382 1063; x_wconf 80' lang='grc' dir='ltr'><strong><em>μερικίι</em></strong></span> <span class='ocrx_word' id='word_1_67' title='bbox 401 980 464 1042; x_wconf 87' lang='grc' dir='ltr'>α’πό</span> <span class='ocrx_word' id='word_1_68' title='bbox 486 982 523 1044; x_wconf 83' lang='grc' dir='ltr'>τοὶ</span> <span class='ocrx_word' id='word_1_69' title='bbox 549 983 652 1062; x_wconf 84' lang='grc' dir='ltr'><strong><em>τειχία</em></strong></span> <span class='ocrx_word' id='word_1_70' title='bbox 673 984 782 1062; x_wconf 72' lang='grc' dir='ltr'><strong><em>αὐτῆς.</em></strong></span> <span class='ocrx_word' id='word_1_71' title='bbox 825 981 892 1044; x_wconf 79' lang='grc' dir='ltr'><strong><em>τότε</em></strong></span> <span class='ocrx_word' id='word_1_72' title='bbox 911 984 1041 1064; x_wconf 76' lang='grc' dir='ltr'><strong><em>ειίγῆκεν</em></strong></span> <span class='ocrx_word' id='word_1_73' title='bbox 1063 978 1079 1042; x_wconf 80' lang='grc' dir='ltr'>ὁ</span> <span class='ocrx_word' id='word_1_74' title='bbox 1101 981 1370 1062; x_wconf 25' lang='grc' dir='ltr'><strong><em>βασιλςύςιΚανν·</em></strong></span> 
     </span>
     <span class='ocr_line' id='line_1_9' title="bbox 268 1078 1370 1162; baseline -0.003 -18"><span class='ocrx_word' id='word_1_75' title='bbox 268 1089 429 1154; x_wconf 84' lang='grc' dir='ltr'><strong><em>σταντῖνος</em></strong></span> <span class='ocrx_word' id='word_1_76' title='bbox 449 1080 601 1158; x_wconf 79' lang='grc' dir='ltr'><strong><em>βαστόντο</em></strong></span> <span class='ocrx_word' id='word_1_77' title='bbox 635 1079 816 1144; x_wconf 72' lang='grc' dir='ltr'><strong><em>ια’κλειιλίοι</em></strong></span> <span class='ocrx_word' id='word_1_78' title='bbox 841 1083 897 1143; x_wconf 83' lang='grc' dir='ltr'>τοῦ</span> <span class='ocrx_word' id='word_1_79' title='bbox 919 1080 1076 1161; x_wconf 79' lang='grc' dir='ltr'><strong><em>κάστρου,</em></strong></span> <span class='ocrx_word' id='word_1_80' title='bbox 1099 1083 1154 1144; x_wconf 85' lang='grc' dir='ltr'>καί</span> <span class='ocrx_word' id='word_1_81' title='bbox 1177 1078 1370 1162; x_wconf 60' lang='lat' dir='ltr'>&amp;neronom-</span> 
     </span>
     <span class='ocr_line' id='line_1_10' title="bbox 269 1176 1370 1260; baseline -0.001 -18"><span class='ocrx_word' id='word_1_82' title='bbox 269 1201 323 1242; x_wconf 83' lang='grc' dir='ltr'>σεν</span> <span class='ocrx_word' id='word_1_83' title='bbox 344 1176 439 1242; x_wconf 70' lang='grc' dir='ltr'><strong><em>αὐτόν</em></strong></span> <span class='ocrx_word' id='word_1_84' title='bbox 469 1178 522 1241; x_wconf 74' lang='grc' dir='ltr'>τὸν</span> <span class='ocrx_word' id='word_1_85' title='bbox 544 1179 713 1242; x_wconf 84' lang='grc' dir='ltr'><strong><em>σουλτοὶνον</em></strong></span> <span class='ocrx_word' id='word_1_86' title='bbox 744 1183 799 1241; x_wconf 81' lang='grc' dir='ltr'>καί</span> <span class='ocrx_word' id='word_1_87' title='bbox 818 1179 874 1241; x_wconf 77' lang='grc' dir='ltr'>τοῦ</span> <span class='ocrx_word' id='word_1_88' title='bbox 893 1177 930 1242; x_wconf 75' lang='grc' dir='ltr'>τὰ</span> <span class='ocrx_word' id='word_1_89' title='bbox 954 1181 1156 1260; x_wconf 68' lang='grc' dir='ltr'><strong><em>ἐπαρέιλιοκε,</em></strong></span> <span class='ocrx_word' id='word_1_90' title='bbox 1181 1177 1235 1240; x_wconf 84' lang='grc' dir='ltr'>καί</span> <span class='ocrx_word' id='word_1_91' title='bbox 1249 1181 1370 1260; x_wconf 75' lang='grc' dir='ltr'><em>ἐδέχθη</em></span> 
     </span>
     <span class='ocr_line' id='line_1_11' title="bbox 268 1273 1411 1361; baseline -0.001 -21"><span class='ocrx_word' id='word_1_92' title='bbox 268 1277 369 1340; x_wconf 77' lang='grc' dir='ltr'><strong><em>αὐτόν</em></strong></span> <span class='ocrx_word' id='word_1_93' title='bbox 390 1274 405 1340; x_wconf 80' lang='grc' dir='ltr'>ὅ</span> <span class='ocrx_word' id='word_1_94' title='bbox 426 1277 596 1353; x_wconf 78' lang='grc' dir='ltr'><strong><em>σουλτοῖνος</em></strong></span> <span class='ocrx_word' id='word_1_95' title='bbox 628 1281 793 1349; x_wconf 88' lang='grc' dir='ltr'><strong><em>α’σπιισίισς</em></strong></span> <span class='ocrx_word' id='word_1_96' title='bbox 822 1281 877 1340; x_wconf 86' lang='grc' dir='ltr'>καί</span> <span class='ocrx_word' id='word_1_97' title='bbox 909 1277 984 1352; x_wconf 75' lang='grc' dir='ltr'>τούς</span> <span class='ocrx_word' id='word_1_98' title='bbox 1018 1273 1173 1361; x_wconf 77' lang='grc' dir='ltr'><strong><em>ἄρχοντας</em></strong></span> <span class='ocrx_word' id='word_1_99' title='bbox 1195 1279 1292 1340; x_wconf 66' lang='lat' dir='ltr'>adrat</span> <span class='ocrx_word' id='word_1_100' title='bbox 1315 1280 1371 1340; x_wconf 83' lang='grc' dir='ltr'>καί</span> <span class='ocrx_word' id='word_1_101' title='bbox 1381 1284 1411 1335; x_wconf 85' lang='grc'>10</span> 
     </span>
     <span class='ocr_line' id='line_1_12' title="bbox 203 1370 1371 1459; baseline -0.001 -20"><span class='ocrx_word' id='word_1_102' title='bbox 203 1373 322 1441; x_wconf 83' lang='grc' dir='ltr'><strong><em>158τὸν</em></strong></span> <span class='ocrx_word' id='word_1_103' title='bbox 342 1375 430 1438; x_wconf 87' lang='grc' dir='ltr'><strong><em>λαόν.</em></strong></span> <span class='ocrx_word' id='word_1_104' title='bbox 487 1376 541 1438; x_wconf 81' lang='grc' dir='ltr'>καί</span> <span class='ocrx_word' id='word_1_105' title='bbox 570 1377 613 1449; x_wconf 74' lang='grc' dir='ltr'>ὥς</span> <span class='ocrx_word' id='word_1_106' title='bbox 647 1370 783 1439; x_wconf 73' lang='grc' dir='ltr'><strong><em>ἄκουσεν</em></strong></span> <span class='ocrx_word' id='word_1_107' title='bbox 816 1375 1055 1459; x_wconf 81' lang='grc' dir='ltr'><strong><em>ὁπατριάρχης</em></strong></span> <span class='ocrx_word' id='word_1_108' title='bbox 1084 1375 1158 1449; x_wconf 72' lang='grc' dir='ltr'><strong><em>τους</em></strong></span> <span class='ocrx_word' id='word_1_109' title='bbox 1182 1375 1292 1457; x_wconf 80' lang='grc' dir='ltr'><strong><em>λόγους</em></strong></span> <span class='ocrx_word' id='word_1_110' title='bbox 1313 1379 1371 1438; x_wconf 80' lang='grc' dir='ltr'>τοῦ</span> 
     </span>
     <span class='ocr_line' id='line_1_13' title="bbox 267 1472 1370 1562; baseline 0 -26"><span class='ocrx_word' id='word_1_111' title='bbox 267 1477 380 1551; x_wconf 83' lang='grc' dir='ltr'><strong><em>πασιᾶ,</em></strong></span> <span class='ocrx_word' id='word_1_112' title='bbox 402 1472 496 1551; x_wconf 79' lang='grc' dir='ltr'><strong><em>ἔλαβε</em></strong></span> <span class='ocrx_word' id='word_1_113' title='bbox 516 1477 721 1556; x_wconf 81' lang='grc' dir='ltr'><strong><em>παράμινροιν</em></strong></span> <span class='ocrx_word' id='word_1_114' title='bbox 744 1479 939 1556; x_wconf 75' lang='grc' dir='ltr'><strong><em>παρηγορία·</em></strong></span> <span class='ocrx_word' id='word_1_115' title='bbox 983 1477 1038 1537; x_wconf 86' lang='grc' dir='ltr'>καί</span> <span class='ocrx_word' id='word_1_116' title='bbox 1059 1473 1176 1556; x_wconf 79' lang='grc' dir='ltr'><strong><em>ἔδραμε</em></strong></span> <span class='ocrx_word' id='word_1_117' title='bbox 1202 1477 1241 1559; x_wconf 78' lang='grc' dir='ltr'>τῇ</span> <span class='ocrx_word' id='word_1_118' title='bbox 1264 1474 1370 1562; x_wconf 71' lang='grc' dir='ltr'><strong><em>ἡμέρᾳ</em></strong></span> 
     </span>
     <span class='ocr_line' id='line_1_14' title="bbox 268 1570 1370 1659; baseline -0.003 -23"><span class='ocrx_word' id='word_1_119' title='bbox 268 1574 369 1659; x_wconf 67' lang='grc' dir='ltr'><strong><em>ἐκτίνῃ</em></strong></span> <span class='ocrx_word' id='word_1_120' title='bbox 391 1575 436 1645; x_wconf 80' lang='grc' dir='ltr'>εἰς</span> <span class='ocrx_word' id='word_1_121' title='bbox 466 1570 560 1647; x_wconf 79' lang='grc' dir='ltr'><strong><em>ὅλους</em></strong></span> <span class='ocrx_word' id='word_1_122' title='bbox 584 1571 662 1646; x_wconf 77' lang='grc' dir='ltr'>τούς</span> <span class='ocrx_word' id='word_1_123' title='bbox 682 1576 860 1654; x_wconf 79' lang='grc' dir='ltr'><strong><em>μεγάλους,</em></strong></span> <span class='ocrx_word' id='word_1_124' title='bbox 891 1573 965 1647; x_wconf 80' lang='grc' dir='ltr'>τούς</span> <span class='ocrx_word' id='word_1_125' title='bbox 990 1573 1134 1656; x_wconf 77' lang='grc' dir='ltr'><strong><em>πρώτους</em></strong></span> <span class='ocrx_word' id='word_1_126' title='bbox 1163 1576 1218 1653; x_wconf 76' lang='grc' dir='ltr'>τῆς</span> <span class='ocrx_word' id='word_1_127' title='bbox 1239 1571 1370 1656; x_wconf 72' lang='grc' dir='ltr'><strong><em>πόρτας,</em></strong></span> 
     </span>
     <span class='ocr_line' id='line_1_15' title="bbox 265 1665 1370 1756; baseline 0 -23"><span class='ocrx_word' id='word_1_128' title='bbox 265 1695 318 1734; x_wconf 82' lang='grc' dir='ltr'><strong><em>και</em></strong></span> <span class='ocrx_word' id='word_1_129' title='bbox 315 1671 386 1746; x_wconf 79' lang='grc' dir='ltr'>εἰς</span> <span class='ocrx_word' id='word_1_130' title='bbox 408 1673 484 1746; x_wconf 78' lang='grc' dir='ltr'>τούς</span> <span class='ocrx_word' id='word_1_131' title='bbox 512 1674 711 1748; x_wconf 76' lang='grc' dir='ltr'><strong><em>ἐπιλοίπους,</em></strong></span> <span class='ocrx_word' id='word_1_132' title='bbox 740 1675 794 1734; x_wconf 82' lang='grc' dir='ltr'>καί</span> <span class='ocrx_word' id='word_1_133' title='bbox 826 1669 979 1756; x_wconf 81' lang='grc' dir='ltr'><strong><em>φιλότιμα</em></strong></span> <span class='ocrx_word' id='word_1_134' title='bbox 1008 1672 1122 1736; x_wconf 77' lang='grc' dir='ltr'><strong><em>ἔδωκεν</em></strong></span> <span class='ocrx_word' id='word_1_135' title='bbox 1145 1667 1213 1744; x_wconf 75' lang='grc' dir='ltr'><strong><em>ἑνὸς</em></strong></span> <span class='ocrx_word' id='word_1_136' title='bbox 1233 1665 1370 1734; x_wconf 74' lang='grc' dir='ltr'><strong><em>ἑκάστου</em></strong></span> 
     </span>
     <span class='ocr_line' id='line_1_16' title="bbox 265 1768 1411 1852; baseline -0.003 -21"><span class='ocrx_word' id='word_1_137' title='bbox 265 1768 346 1834; x_wconf 75' lang='grc' dir='ltr'><strong><em>κατὰ</em></strong></span> <span class='ocrx_word' id='word_1_138' title='bbox 368 1770 401 1835; x_wconf 78' lang='grc' dir='ltr'>τὰ</span> <span class='ocrx_word' id='word_1_139' title='bbox 425 1773 561 1852; x_wconf 81' lang='grc' dir='ltr'><strong><em>αξίωμα.</em></strong></span> <span class='ocrx_word' id='word_1_140' title='bbox 1097 1805 1100 1812; x_wconf 54' lang='lat'><strong>⁴</strong></span> <span class='ocrx_word' id='word_1_141' title='bbox 1381 1777 1411 1828; x_wconf 84' lang='lat'>15</span> 
     </span>
     <span class='ocr_line' id='line_1_17' title="bbox 354 1829 1370 1954; baseline -0.002 -20"><span class='ocrx_word' id='word_1_142' title='bbox 354 1873 458 1934; x_wconf 84' lang='grc' dir='ltr'><strong><em>Και’</em></strong></span> <span class='ocrx_word' id='word_1_143' title='bbox 443 1875 496 1934; x_wconf 84' lang='grc' dir='ltr'>επί</span> <span class='ocrx_word' id='word_1_144' title='bbox 512 1867 567 1952; x_wconf 71' lang='grc' dir='ltr'>τὴν</span> <span class='ocrx_word' id='word_1_145' title='bbox 587 1892 701 1950; x_wconf 86' lang='grc' dir='ltr'><strong><em>αυριον</em></strong></span> <span class='ocrx_word' id='word_1_146' title='bbox 717 1866 840 1950; x_wconf 75' lang='grc' dir='ltr'><strong><em>ἐγένετο</em></strong></span> <span class='ocrx_word' id='word_1_147' title='bbox 859 1829 973 1953; x_wconf 63' lang='lat' dir='ltr'>deficior]</span> <span class='ocrx_word' id='word_1_148' title='bbox 989 1862 1175 1954; x_wconf 73' lang='grc' dir='ltr'><strong><em>φοβερόν,“</em></strong></span> <span class='ocrx_word' id='word_1_149' title='bbox 1156 1891 1202 1933; x_wconf 87' lang='grc' dir='ltr'><strong><em>οτι</em></strong></span> <span class='ocrx_word' id='word_1_150' title='bbox 1227 1866 1370 1951; x_wconf 70' lang='grc' dir='ltr'><strong><em>ἤκουσθη</em></strong></span> 
     </span>
     <span class='ocr_line' id='line_1_18' title="bbox 265 1964 1371 2052; baseline -0.001 -22"><span class='ocrx_word' id='word_1_151' title='bbox 265 1969 361 2031; x_wconf 71' lang='grc' dir='ltr'><strong><em>τοῦτο</em></strong></span> <span class='ocrx_word' id='word_1_152' title='bbox 396 1972 440 2044; x_wconf 78' lang='grc' dir='ltr'>εἰς</span> <span class='ocrx_word' id='word_1_153' title='bbox 469 1964 543 2052; x_wconf 78' lang='grc' dir='ltr'><strong><em>ὅλην</em></strong></span> <span class='ocrx_word' id='word_1_154' title='bbox 572 1967 626 2049; x_wconf 74' lang='grc' dir='ltr'>τὴν</span> <span class='ocrx_word' id='word_1_155' title='bbox 648 1967 758 2031; x_wconf 88' lang='grc' dir='ltr'><strong><em>πόλιν·</em></strong></span> <span class='ocrx_word' id='word_1_156' title='bbox 800 1971 855 2030; x_wconf 85' lang='grc' dir='ltr'>καί</span> <span class='ocrx_word' id='word_1_157' title='bbox 885 1969 1111 2050; x_wconf 75' lang='grc' dir='ltr'><strong><em>ἑσννάχθησαν</em></strong></span> <span class='ocrx_word' id='word_1_158' title='bbox 1136 1973 1270 2050; x_wconf 87' lang='grc' dir='ltr'><strong><em>Τουρκοι</em></strong></span> <span class='ocrx_word' id='word_1_159' title='bbox 1288 1966 1371 2032; x_wconf 65' lang='grc' dir='ltr'>ς-Ριο</span> 
     </span>
     <span class='ocr_line' id='line_1_19' title="bbox 182 2057 1365 2148; baseline 0.001 -22"><span class='ocrx_word' id='word_1_160' title='bbox 182 2075 184 2082; x_wconf 87' lang='grc'><strong>“</strong></span> <span class='ocrx_word' id='word_1_161' title='bbox 264 2073 358 2143; x_wconf 84' lang='grc' dir='ltr'><strong><em>μαῖοι</em></strong></span> <span class='ocrx_word' id='word_1_162' title='bbox 389 2067 552 2145; x_wconf 80' lang='grc' dir='ltr'>Ἀρμένιοι</span> <span class='ocrx_word' id='word_1_163' title='bbox 581 2067 722 2147; x_wconf 81' lang='grc' dir='ltr'><strong><em>Ἑβραῖοι</em></strong></span> <span class='ocrx_word' id='word_1_164' title='bbox 753 2091 804 2129; x_wconf 82' lang='grc' dir='ltr'><strong><em>ναι</em></strong></span> <span class='ocrx_word' id='word_1_165' title='bbox 838 2069 926 2128; x_wconf 75' lang='grc' dir='ltr'><strong><em>πᾶσα</em></strong></span> <span class='ocrx_word' id='word_1_166' title='bbox 948 2057 1025 2129; x_wconf 83' lang='grc' dir='ltr'><strong><em>αλλο</em></strong></span> <span class='ocrx_word' id='word_1_167' title='bbox 1047 2068 1142 2148; x_wconf 72' lang='grc' dir='ltr'><strong><em>γένος</em></strong></span> <span class='ocrx_word' id='word_1_168' title='bbox 1199 2089 1251 2128; x_wconf 87' lang='grc' dir='ltr'><strong><em>και</em></strong></span> <span class='ocrx_word' id='word_1_169' title='bbox 1272 2063 1365 2128; x_wconf 85' lang='grc' dir='ltr'><strong><em>τόσον</em></strong></span> 
     </span>
     <span class='ocr_line' id='line_1_20' title="bbox 271 2158 1370 2246; baseline -0.001 -21"><span class='ocrx_word' id='word_1_170' title='bbox 271 2167 393 2245; x_wconf 76' lang='grc' dir='ltr'><strong><em>πλῆθος</em></strong></span> <span class='ocrx_word' id='word_1_171' title='bbox 427 2158 501 2244; x_wconf 74' lang='grc' dir='ltr'><strong><em>ἦτον</em></strong></span> <span class='ocrx_word' id='word_1_172' title='bbox 522 2160 572 2226; x_wconf 81' lang='grc' dir='ltr'><strong><em>ὅτι</em></strong></span> <span class='ocrx_word' id='word_1_173' title='bbox 597 2163 657 2236; x_wconf 75' lang='grc' dir='ltr'>ἕως</span> <span class='ocrx_word' id='word_1_174' title='bbox 686 2161 745 2241; x_wconf 69' lang='grc' dir='ltr'>ἔξω</span> <span class='ocrx_word' id='word_1_175' title='bbox 768 2167 813 2238; x_wconf 80' lang='grc' dir='ltr'>εἷς</span> <span class='ocrx_word' id='word_1_176' title='bbox 835 2161 891 2244; x_wconf 75' lang='grc' dir='ltr'>τήν</span> <span class='ocrx_word' id='word_1_177' title='bbox 919 2163 1011 2245; x_wconf 76' lang='grc' dir='ltr'><strong><em>ἁγίαν</em></strong></span> <span class='ocrx_word' id='word_1_178' title='bbox 1031 2167 1162 2246; x_wconf 78' lang='grc' dir='ltr'><strong><em>Σοφίαν</em></strong></span> <span class='ocrx_word' id='word_1_179' title='bbox 1174 2139 1373 2226; x_wconf 75' lang='grc' dir='ltr'>ἐστείιετονοι</span> 
     </span>
     <span class='ocr_line' id='line_1_21' title="bbox 270 2259 1462 2373; baseline 0.004 -49"><span class='ocrx_word' id='word_1_180' title='bbox 270 2259 357 2338; x_wconf 86' lang='grc' dir='ltr'><strong><em>λαός,</em></strong></span> <span class='ocrx_word' id='word_1_181' title='bbox 379 2261 417 2324; x_wconf 80' lang='lat' dir='ltr'>vd</span> <span class='ocrx_word' id='word_1_182' title='bbox 440 2261 596 2326; x_wconf 80' lang='grc' dir='ltr'><strong><em>οἰκούσαυν</em></strong></span> <span class='ocrx_word' id='word_1_183' title='bbox 627 2262 683 2344; x_wconf 63' lang='grc' dir='ltr'>τήν</span> <span class='ocrx_word' id='word_1_184' title='bbox 712 2261 873 2346; x_wconf 76' lang='grc' dir='ltr'><strong><em>ἀπόφασιν</em></strong></span> <span class='ocrx_word' id='word_1_185' title='bbox 905 2265 961 2326; x_wconf 82' lang='grc' dir='ltr'>τοῦ</span> <span class='ocrx_word' id='word_1_186' title='bbox 990 2267 1155 2342; x_wconf 79' lang='grc' dir='ltr'><strong><em>βασιλέως.</em></strong></span> <span class='ocrx_word' id='word_1_187' title='bbox 1207 2277 1224 2324; x_wconf 79' lang='grc' dir='ltr'>ο·</span> <span class='ocrx_word' id='word_1_188' title='bbox 1248 2263 1283 2324; x_wconf 80' lang='grc' dir='ltr'>δὲ</span> <span class='ocrx_word' id='word_1_189' title='bbox 1306 2287 1369 2324; x_wconf 89' lang='grc' dir='ltr'>πα-</span> <span class='ocrx_word' id='word_1_190' title='bbox 1378 2277 1462 2328; x_wconf 81' lang='lat'>20</span> <span class='ocrx_word' id='word_1_191' title='bbox 1461 2313 1462 2373; x_wconf 49' lang='lat' dir='ltr'>q</span> 
     </span>
     <span class='ocr_line' id='line_1_22' title="bbox 269 2357 1410 2445; baseline 0 -21"><span class='ocrx_word' id='word_1_192' title='bbox 269 2358 425 2443; x_wconf 73' lang='grc' dir='ltr'><strong><em>τριόρχης</em></strong></span> <span class='ocrx_word' id='word_1_193' title='bbox 447 2361 564 2443; x_wconf 77' lang='grc' dir='ltr'><strong><em>υπῆγεν</em></strong></span> <span class='ocrx_word' id='word_1_194' title='bbox 585 2362 631 2436; x_wconf 79' lang='grc' dir='ltr'>εἰς</span> <span class='ocrx_word' id='word_1_195' title='bbox 651 2357 685 2424; x_wconf 79' lang='grc' dir='ltr'>τὸ</span> <span class='ocrx_word' id='word_1_196' title='bbox 709 2362 832 2445; x_wconf 63' lang='lat' dir='ltr'>daritim,</span> <span class='ocrx_word' id='word_1_197' title='bbox 856 2387 905 2424; x_wconf 88' lang='grc' dir='ltr'><strong><em>και</em></strong></span> <span class='ocrx_word' id='word_1_198' title='bbox 933 2359 1152 2443; x_wconf 68' lang='grc' dir='ltr'><strong><em>προσκυνήσας</em></strong></span> <span class='ocrx_word' id='word_1_199' title='bbox 1174 2357 1334 2442; x_wconf 71' lang='grc' dir='ltr'><strong><em>ἐστάθη</em></strong></span> <span class='ocrx_word' id='word_1_200' title='bbox 1313 2385 1410 2440; x_wconf 76' lang='grc' dir='ltr'>εμ-</span> 
     </span>
    </p>
   </div>
   <div class='ocr_carea' id='block_1_3' title="bbox 267 2458 1461 2642">
    <p class='ocr_par' dir='ltr' id='par_1_3' title="bbox 267 2458 1461 2642">
     <span class='ocr_line' id='line_1_23' title="bbox 268 2458 1461 2620; baseline 0 -98"><span class='ocrx_word' id='word_1_201' title='bbox 268 2461 410 2573; x_wconf 79' lang='grc' dir='ltr'><strong><em>ιιροσθεν</em></strong></span> <span class='ocrx_word' id='word_1_202' title='bbox 439 2464 502 2522; x_wconf 75' lang='grc' dir='ltr'>τῶν</span> <span class='ocrx_word' id='word_1_203' title='bbox 522 2459 704 2546; x_wconf 66' lang='lat' dir='ltr'>nauatam,</span> <span class='ocrx_word' id='word_1_204' title='bbox 739 2484 791 2521; x_wconf 87' lang='grc' dir='ltr'><strong><em>ιιιιι</em></strong></span> <span class='ocrx_word' id='word_1_205' title='bbox 828 2458 956 2539; x_wconf 79' lang='grc' dir='ltr'><strong><em>ἔβλεπεν</em></strong></span> <span class='ocrx_word' id='word_1_206' title='bbox 977 2458 1111 2543; x_wconf 80' lang='grc' dir='ltr'><strong><em>αυίούς,</em></strong></span> <span class='ocrx_word' id='word_1_207' title='bbox 1133 2458 1368 2540; x_wconf 73' lang='grc' dir='ltr'><strong><em>καιέθαύμαζο</em></strong></span> <span class='ocrx_word' id='word_1_208' title='bbox 1460 2487 1461 2620; x_wconf 64' lang='grc' dir='ltr'><strong><em>ρ</em></strong></span> 
     </span>
     <span class='ocr_line' id='line_1_24' title="bbox 267 2556 1366 2642; baseline 0 -22"><span class='ocrx_word' id='word_1_209' title='bbox 267 2581 326 2637; x_wconf 74' lang='grc' dir='ltr'>την</span> <span class='ocrx_word' id='word_1_210' title='bbox 348 2556 443 2636; x_wconf 80' lang='grc' dir='ltr'><strong><em>δόξαν</em></strong></span> <span class='ocrx_word' id='word_1_211' title='bbox 464 2583 514 2622; x_wconf 86' lang='grc' dir='ltr'><strong><em>και</em></strong></span> <span class='ocrx_word' id='word_1_212' title='bbox 539 2561 719 2642; x_wconf 70' lang='grc' dir='ltr'><strong><em>παρρησίαν</em></strong></span> <span class='ocrx_word' id='word_1_213' title='bbox 734 2557 845 2622; x_wconf 76' lang='grc' dir='ltr'><strong><em>αυτῶν.</em></strong></span> <span class='ocrx_word' id='word_1_214' title='bbox 891 2583 941 2621; x_wconf 83' lang='grc' dir='ltr'><strong><em>και</em></strong></span> <span class='ocrx_word' id='word_1_215' title='bbox 967 2559 982 2619; x_wconf 87' lang='grc' dir='ltr'>ὁ</span> <span class='ocrx_word' id='word_1_216' title='bbox 1004 2557 1091 2641; x_wconf 80' lang='grc' dir='ltr'><strong><em>ὶδρσς</em></strong></span> <span class='ocrx_word' id='word_1_217' title='bbox 1114 2565 1171 2621; x_wconf 85' lang='grc' dir='ltr'>τοῦ</span> <span class='ocrx_word' id='word_1_218' title='bbox 1194 2557 1366 2640; x_wconf 76' lang='grc' dir='ltr'><strong><em>προσώπου</em></strong></span> 
     </span>
    </p>
   </div>
   <div class='ocr_carea' id='block_1_4' title="bbox 176 2843 1366 3684">
    <p class='ocr_par' dir='ltr' id='par_1_4' title="bbox 176 2843 1366 3683">
     <span class='ocr_line' id='line_1_25' title="bbox 231 2843 1364 2914; baseline -0.006 -15"><span class='ocrx_word' id='word_1_219' title='bbox 231 2903 235 2907; x_wconf 66' lang='grc'>,</span> <span class='ocrx_word' id='word_1_220' title='bbox 266 2863 370 2909; x_wconf 84' lang='lat' dir='ltr'>scenaa,</span> <span class='ocrx_word' id='word_1_221' title='bbox 390 2863 449 2896; x_wconf 88' lang='lat' dir='ltr'>cum</span> <span class='ocrx_word' id='word_1_222' title='bbox 469 2845 526 2914; x_wconf 88' lang='lat' dir='ltr'>ipso</span> <span class='ocrx_word' id='word_1_223' title='bbox 547 2847 671 2914; x_wconf 83' lang='lat' dir='ltr'>principe</span> <span class='ocrx_word' id='word_1_224' title='bbox 686 2846 794 2897; x_wconf 84' lang='lat' dir='ltr'>Xcuace</span> <span class='ocrx_word' id='word_1_225' title='bbox 813 2843 847 2894; x_wconf 87' lang='lat' dir='ltr'>ad</span> <span class='ocrx_word' id='word_1_226' title='bbox 861 2843 963 2894; x_wconf 82' lang='lat' dir='ltr'>bassam</span> <span class='ocrx_word' id='word_1_227' title='bbox 985 2844 1130 2911; x_wconf 72' lang='lat' dir='ltr'>equitavit:</span> <span class='ocrx_word' id='word_1_228' title='bbox 1153 2859 1272 2894; x_wconf 81' lang='lat' dir='ltr'><strong>accessus</strong></span> <span class='ocrx_word' id='word_1_229' title='bbox 1292 2845 1364 2893; x_wconf 83' lang='lat' dir='ltr'>enirn</span> 
     </span>
     <span class='ocr_line' id='line_1_26' title="bbox 266 2913 1365 2984; baseline -0.004 -16"><span class='ocrx_word' id='word_1_230' title='bbox 266 2921 291 2968; x_wconf 92' lang='lat' dir='ltr'>ei</span> <span class='ocrx_word' id='word_1_231' title='bbox 313 2917 383 2968; x_wconf 90' lang='lat' dir='ltr'>liber</span> <span class='ocrx_word' id='word_1_232' title='bbox 411 2916 537 2966; x_wconf 88' lang='lat' dir='ltr'>adhunc</span> <span class='ocrx_word' id='word_1_233' title='bbox 565 2917 696 2984; x_wconf 87' lang='lat' dir='ltr'>patebat,</span> <span class='ocrx_word' id='word_1_234' title='bbox 724 2925 752 2968; x_wconf 84' lang='lat' dir='ltr'>et</span> <span class='ocrx_word' id='word_1_235' title='bbox 781 2931 829 2984; x_wconf 89' lang='lat' dir='ltr'>per</span> <span class='ocrx_word' id='word_1_236' title='bbox 856 2914 889 2964; x_wconf 88' lang='lat' dir='ltr'>ab</span> <span class='ocrx_word' id='word_1_237' title='bbox 908 2931 941 2964; x_wconf 86' lang='lat' dir='ltr'>eo</span> <span class='ocrx_word' id='word_1_238' title='bbox 973 2931 1049 2964; x_wconf 84' lang='lat' dir='ltr'>carus</span> <span class='ocrx_word' id='word_1_239' title='bbox 1069 2913 1228 2963; x_wconf 75' lang='lat' dir='ltr'>habebatur.</span> <span class='ocrx_word' id='word_1_240' title='bbox 1266 2915 1365 2964; x_wconf 86' lang='lat' dir='ltr'>eratis</span> 
     </span>
     <span class='ocr_line' id='line_1_27' title="bbox 176 2984 1364 3070; baseline -0.004 -33"><span class='ocrx_word' id='word_1_241' title='bbox 176 3031 189 3050; x_wconf 78' lang='grc'><em>,</em></span> <span class='ocrx_word' id='word_1_242' title='bbox 265 2987 369 3070; x_wconf 79' lang='grc' dir='ltr'>ΤυΙρΙιί</span> <span class='ocrx_word' id='word_1_243' title='bbox 390 2986 475 3045; x_wconf 87' lang='lat' dir='ltr'>bassa,</span> <span class='ocrx_word' id='word_1_244' title='bbox 494 2987 596 3052; x_wconf 84' lang='lat' dir='ltr'>primus</span> <span class='ocrx_word' id='word_1_245' title='bbox 615 2988 723 3036; x_wconf 85' lang='lat' dir='ltr'>vesires.</span> <span class='ocrx_word' id='word_1_246' title='bbox 761 2985 795 3034; x_wconf 84' lang='lat' dir='ltr'>ad</span> <span class='ocrx_word' id='word_1_247' title='bbox 824 2984 896 3034; x_wconf 86' lang='lat' dir='ltr'>hunc</span> <span class='ocrx_word' id='word_1_248' title='bbox 916 2985 1018 3033; x_wconf 87' lang='lat' dir='ltr'>bassam</span> <span class='ocrx_word' id='word_1_249' title='bbox 1040 3002 1099 3033; x_wconf 89' lang='lat' dir='ltr'>cum</span> <span class='ocrx_word' id='word_1_250' title='bbox 1120 2985 1245 3045; x_wconf 88' lang='lat' dir='ltr'>venisset,</span> <span class='ocrx_word' id='word_1_251' title='bbox 1264 3001 1364 3034; x_wconf 86' lang='lat' dir='ltr'>consu-</span> 
     </span>
     <span class='ocr_line' id='line_1_28' title="bbox 266 3053 1363 3123; baseline -0.004 -15"><span class='ocrx_word' id='word_1_252' title='bbox 266 3057 336 3109; x_wconf 90' lang='lat' dir='ltr'>luit</span> <span class='ocrx_word' id='word_1_253' title='bbox 330 3075 351 3106; x_wconf 79' lang='lat' dir='ltr'>rs</span> <span class='ocrx_word' id='word_1_254' title='bbox 363 3054 539 3123; x_wconf 76' lang='lat' dir='ltr'>patriarchae,</span> <span class='ocrx_word' id='word_1_255' title='bbox 561 3055 723 3105; x_wconf 78' lang='lat' dir='ltr'>accederet</span> <span class='ocrx_word' id='word_1_256' title='bbox 717 3063 880 3106; x_wconf 77' lang='lat' dir='ltr'>incenatum</span> <span class='ocrx_word' id='word_1_257' title='bbox 895 3063 922 3104; x_wconf 89' lang='lat' dir='ltr'>ct</span> <span class='ocrx_word' id='word_1_258' title='bbox 935 3054 1037 3106; x_wconf 82' lang='lat' dir='ltr'>diceret</span> <span class='ocrx_word' id='word_1_259' title='bbox 1050 3061 1068 3086; x_wconf 76' lang='lat'>‘⁶</span> <span class='ocrx_word' id='word_1_260' title='bbox 1062 3065 1160 3104; x_wconf 84' lang='lat' dir='ltr'>‘verum</span> <span class='ocrx_word' id='word_1_261' title='bbox 1177 3063 1232 3104; x_wconf 86' lang='lat' dir='ltr'>cst:</span> <span class='ocrx_word' id='word_1_262' title='bbox 1254 3053 1363 3122; x_wconf 85' lang='lat' dir='ltr'>quando</span> 
     </span>
     <span class='ocr_line' id='line_1_29' title="bbox 266 3123 1364 3192; baseline -0.003 -15"><span class='ocrx_word' id='word_1_263' title='bbox 266 3145 311 3177; x_wconf 85' lang='lat' dir='ltr'>rex</span> <span class='ocrx_word' id='word_1_264' title='bbox 333 3126 501 3176; x_wconf 87' lang='lat' dir='ltr'>Mechemeta</span> <span class='ocrx_word' id='word_1_265' title='bbox 521 3135 627 3192; x_wconf 84' lang='lat' dir='ltr'>captum</span> <span class='ocrx_word' id='word_1_266' title='bbox 648 3127 721 3174; x_wconf 85' lang='lat' dir='ltr'>veuit</span> <span class='ocrx_word' id='word_1_267' title='bbox 740 3125 808 3176; x_wconf 88' lang='lat' dir='ltr'>hanc</span> <span class='ocrx_word' id='word_1_268' title='bbox 826 3124 930 3187; x_wconf 85' lang='lat' dir='ltr'>urbem,</span> <span class='ocrx_word' id='word_1_269' title='bbox 948 3126 1028 3174; x_wconf 87' lang='lat' dir='ltr'>initio</span> <span class='ocrx_word' id='word_1_270' title='bbox 1042 3127 1210 3191; x_wconf 70' lang='lat' dir='ltr'>oppugnatio</span> <span class='ocrx_word' id='word_1_271' title='bbox 1227 3123 1298 3174; x_wconf 83' lang='lat' dir='ltr'>facta</span> <span class='ocrx_word' id='word_1_272' title='bbox 1314 3134 1364 3184; x_wconf 88' lang='lat' dir='ltr'>est,</span> 
     </span>
     <span class='ocr_line' id='line_1_30' title="bbox 266 3193 1366 3265; baseline -0.002 -19"><span class='ocrx_word' id='word_1_273' title='bbox 266 3204 343 3265; x_wconf 86' lang='lat' dir='ltr'>parte</span> <span class='ocrx_word' id='word_1_274' title='bbox 370 3195 504 3244; x_wconf 84' lang='lat' dir='ltr'>moenium</span> <span class='ocrx_word' id='word_1_275' title='bbox 536 3193 593 3244; x_wconf 83' lang='lat' dir='ltr'>eius</span> <span class='ocrx_word' id='word_1_276' title='bbox 631 3193 743 3245; x_wconf 89' lang='lat' dir='ltr'>deiecta.</span> <span class='ocrx_word' id='word_1_277' title='bbox 795 3196 841 3244; x_wconf 86' lang='lat' dir='ltr'>sed</span> <span class='ocrx_word' id='word_1_278' title='bbox 873 3205 967 3262; x_wconf 89' lang='lat' dir='ltr'>postea</span> <span class='ocrx_word' id='word_1_279' title='bbox 992 3195 1185 3244; x_wconf 79' lang='lat' dir='ltr'>Constantinus</span> <span class='ocrx_word' id='word_1_280' title='bbox 1218 3194 1366 3262; x_wconf 85' lang='lat' dir='ltr'>imperator</span> 
     </span>
     <span class='ocr_line' id='line_1_31' title="bbox 267 3264 1362 3346; baseline 0 -32"><span class='ocrx_word' id='word_1_281' title='bbox 267 3282 388 3332; x_wconf 80' lang='lat' dir='ltr'>egressus</span> <span class='ocrx_word' id='word_1_282' title='bbox 410 3281 469 3314; x_wconf 87' lang='lat' dir='ltr'>cum</span> <span class='ocrx_word' id='word_1_283' title='bbox 486 3264 604 3314; x_wconf 82' lang='lat' dir='ltr'>clavibus</span> <span class='ocrx_word' id='word_1_284' title='bbox 627 3265 750 3314; x_wconf 87' lang='lat' dir='ltr'>urbisin</span> <span class='ocrx_word' id='word_1_285' title='bbox 767 3281 845 3314; x_wconf 86' lang='lat' dir='ltr'>manu</span> <span class='ocrx_word' id='word_1_286' title='bbox 866 3281 924 3314; x_wconf 84' lang='lat' dir='ltr'>sese</span> <span class='ocrx_word' id='word_1_287' title='bbox 945 3264 1063 3314; x_wconf 87' lang='lat' dir='ltr'>subiecit</span> <span class='ocrx_word' id='word_1_288' title='bbox 1077 3265 1196 3346; x_wconf 78' lang='lat' dir='ltr'>sultano,</span> <span class='ocrx_word' id='word_1_289' title='bbox 1218 3281 1318 3334; x_wconf 86' lang='lat' dir='ltr'>easque</span> <span class='ocrx_word' id='word_1_290' title='bbox 1338 3267 1362 3314; x_wconf 90' lang='lat' dir='ltr'>ei</span> 
     </span>
     <span class='ocr_line' id='line_1_32' title="bbox 266 3334 1361 3402; baseline -0.003 -15"><span class='ocrx_word' id='word_1_291' title='bbox 266 3334 387 3387; x_wconf 88' lang='lat' dir='ltr'>tradidit</span> <span class='ocrx_word' id='word_1_292' title='bbox 427 3335 623 3385; x_wconf 85' lang='lat' dir='ltr'>tuncauitauus</span> <span class='ocrx_word' id='word_1_293' title='bbox 639 3335 786 3384; x_wconf 79' lang='lat' dir='ltr'>cternrnter</span> <span class='ocrx_word' id='word_1_294' title='bbox 804 3343 831 3385; x_wconf 89' lang='lat' dir='ltr'>et</span> <span class='ocrx_word' id='word_1_295' title='bbox 851 3337 936 3402; x_wconf 80' lang='lat' dir='ltr'>ipsum</span> <span class='ocrx_word' id='word_1_296' title='bbox 958 3343 985 3385; x_wconf 92' lang='lat' dir='ltr'>et</span> <span class='ocrx_word' id='word_1_297' title='bbox 1004 3351 1126 3402; x_wconf 83' lang='lat' dir='ltr'>proceres</span> <span class='ocrx_word' id='word_1_298' title='bbox 1150 3335 1206 3386; x_wconf 86' lang='lat' dir='ltr'>eiua</span> <span class='ocrx_word' id='word_1_299' title='bbox 1227 3343 1255 3386; x_wconf 83' lang='lat' dir='ltr'>et</span> <span class='ocrx_word' id='word_1_300' title='bbox 1274 3343 1361 3386; x_wconf 85' lang='lat' dir='ltr'>totum</span> 
     </span>
     <span class='ocr_line' id='line_1_33' title="bbox 267 3404 1365 3488; baseline -0.001 -33"><span class='ocrx_word' id='word_1_301' title='bbox 267 3407 396 3475; x_wconf 85' lang='lat' dir='ltr'>poputum</span> <span class='ocrx_word' id='word_1_302' title='bbox 416 3405 547 3472; x_wconf 46' lang='lat' dir='ltr'>accepit?</span> <span class='ocrx_word' id='word_1_303' title='bbox 598 3405 693 3456; x_wconf 84' lang='lat' dir='ltr'>audito</span> <span class='ocrx_word' id='word_1_304' title='bbox 716 3420 838 3456; x_wconf 80' lang='lat' dir='ltr'>sermone</span> <span class='ocrx_word' id='word_1_305' title='bbox 858 3405 951 3455; x_wconf 82' lang='lat' dir='ltr'>bassae</span> <span class='ocrx_word' id='word_1_306' title='bbox 971 3404 1122 3473; x_wconf 89' lang='lat' dir='ltr'>patriarcha</span> <span class='ocrx_word' id='word_1_307' title='bbox 1142 3405 1276 3454; x_wconf 90' lang='lat' dir='ltr'>modicum</span> <span class='ocrx_word' id='word_1_308' title='bbox 1298 3404 1365 3488; x_wconf 78' lang='lat' dir='ltr'>quid</span> 
     </span>
     <span class='ocr_line' id='line_1_34' title="bbox 269 3474 1364 3544; baseline -0.004 -16"><span class='ocrx_word' id='word_1_309' title='bbox 269 3476 463 3528; x_wconf 82' lang='lat' dir='ltr'>consolationis</span> <span class='ocrx_word' id='word_1_310' title='bbox 486 3476 606 3543; x_wconf 86' lang='lat' dir='ltr'>accepit,</span> <span class='ocrx_word' id='word_1_311' title='bbox 634 3491 721 3542; x_wconf 83' lang='lat' dir='ltr'>eoque</span> <span class='ocrx_word' id='word_1_312' title='bbox 741 3475 784 3524; x_wconf 92' lang='lat' dir='ltr'>die</span> <span class='ocrx_word' id='word_1_313' title='bbox 807 3476 923 3526; x_wconf 86' lang='lat' dir='ltr'>cucurrit</span> <span class='ocrx_word' id='word_1_314' title='bbox 942 3474 974 3524; x_wconf 88' lang='lat' dir='ltr'>ad</span> <span class='ocrx_word' id='word_1_315' title='bbox 1004 3491 1096 3525; x_wconf 83' lang='lat' dir='ltr'>omnes</span> <span class='ocrx_word' id='word_1_316' title='bbox 1115 3491 1238 3542; x_wconf 77' lang='lat' dir='ltr'>proceres</span> <span class='ocrx_word' id='word_1_317' title='bbox 1260 3483 1288 3526; x_wconf 89' lang='lat' dir='ltr'>ct</span> <span class='ocrx_word' id='word_1_318' title='bbox 1309 3476 1364 3544; x_wconf 90' lang='lat' dir='ltr'>pri·</span> 
     </span>
     <span class='ocr_line' id='line_1_35' title="bbox 266 3544 1363 3614; baseline -0.002 -16"><span class='ocrx_word' id='word_1_319' title='bbox 266 3564 354 3598; x_wconf 86' lang='lat' dir='ltr'>mores</span> <span class='ocrx_word' id='word_1_320' title='bbox 373 3547 450 3596; x_wconf 84' lang='lat' dir='ltr'>aulae</span> <span class='ocrx_word' id='word_1_321' title='bbox 469 3553 496 3596; x_wconf 82' lang='lat' dir='ltr'>et</span> <span class='ocrx_word' id='word_1_322' title='bbox 515 3554 618 3596; x_wconf 76' lang='lat' dir='ltr'>ceteros</span> <span class='ocrx_word' id='word_1_323' title='bbox 638 3546 798 3594; x_wconf 82' lang='lat' dir='ltr'>auctoritate</span> <span class='ocrx_word' id='word_1_324' title='bbox 819 3544 964 3612; x_wconf 75' lang='lat' dir='ltr'>praeditos</span> <span class='ocrx_word' id='word_1_325' title='bbox 990 3545 1038 3595; x_wconf 90' lang='lat' dir='ltr'>hos</span> <span class='ocrx_word' id='word_1_326' title='bbox 1060 3545 1363 3614; x_wconf 72' lang='lat' dir='ltr'>qrrehenaavit3110rtrm</span> 
     </span>
     <span class='ocr_line' id='line_1_36' title="bbox 267 3612 826 3684; baseline -0.009 -15"><span class='ocrx_word' id='word_1_327' title='bbox 267 3617 380 3683; x_wconf 77' lang='lat' dir='ltr'>siugulis</span> <span class='ocrx_word' id='word_1_328' title='bbox 398 3631 446 3683; x_wconf 89' lang='lat' dir='ltr'>pro</span> <span class='ocrx_word' id='word_1_329' title='bbox 465 3614 595 3680; x_wconf 76' lang='lat' dir='ltr'>dignitate</span> <span class='ocrx_word' id='word_1_330' title='bbox 614 3632 724 3665; x_wconf 86' lang='lat' dir='ltr'>munera</span> <span class='ocrx_word' id='word_1_331' title='bbox 743 3612 826 3684; x_wconf 83' lang='lat' dir='ltr'>dedit</span> 
     </span>
    </p>
   </div>
   <div class='ocr_carea' id='block_1_5' title="bbox 266 3697 1365 4121">
    <p class='ocr_par' dir='ltr' id='par_1_5' title="bbox 266 3697 1365 4121">
     <span class='ocr_line' id='line_1_37' title="bbox 342 3697 1365 3770; baseline 0.001 -19"><span class='ocrx_word' id='word_1_332' title='bbox 342 3703 451 3752; x_wconf 83' lang='lat' dir='ltr'>Postero</span> <span class='ocrx_word' id='word_1_333' title='bbox 479 3700 523 3751; x_wconf 89' lang='lat' dir='ltr'>die</span> <span class='ocrx_word' id='word_1_334' title='bbox 551 3701 696 3752; x_wconf 85' lang='lat' dir='ltr'>concilium</span> <span class='ocrx_word' id='word_1_335' title='bbox 726 3699 890 3752; x_wconf 83' lang='lat' dir='ltr'>horrendum</span> <span class='ocrx_word' id='word_1_336' title='bbox 916 3697 1076 3762; x_wconf 86' lang='lat' dir='ltr'>habebatur,</span> <span class='ocrx_word' id='word_1_337' title='bbox 1094 3701 1169 3770; x_wconf 89' lang='lat' dir='ltr'>quod</span> <span class='ocrx_word' id='word_1_338' title='bbox 1188 3703 1258 3752; x_wconf 83' lang='lat' dir='ltr'>fama</span> <span class='ocrx_word' id='word_1_339' title='bbox 1280 3711 1365 3753; x_wconf 85' lang='lat' dir='ltr'>totam</span> 
     </span>
     <span class='ocr_line' id='line_1_38' title="bbox 267 3771 1364 3840; baseline 0.002 -18"><span class='ocrx_word' id='word_1_340' title='bbox 267 3773 361 3822; x_wconf 86' lang='lat' dir='ltr'>urbem</span> <span class='ocrx_word' id='word_1_341' title='bbox 379 3771 557 3836; x_wconf 76' lang='lat' dir='ltr'>discurrerat3</span> <span class='ocrx_word' id='word_1_342' title='bbox 576 3771 784 3840; x_wconf 74' lang='lat' dir='ltr'>congregatique</span> <span class='ocrx_word' id='word_1_343' title='bbox 803 3787 835 3821; x_wconf 89' lang='lat' dir='ltr'>eo</span> <span class='ocrx_word' id='word_1_344' title='bbox 852 3779 917 3822; x_wconf 82' lang='lat' dir='ltr'>aunt</span> <span class='ocrx_word' id='word_1_345' title='bbox 936 3772 1040 3822; x_wconf 79' lang='lat' dir='ltr'>&#39;furcae</span> <span class='ocrx_word' id='word_1_346' title='bbox 1056 3773 1151 3822; x_wconf 86' lang='lat' dir='ltr'>Graeci</span> <span class='ocrx_word' id='word_1_347' title='bbox 1172 3773 1291 3822; x_wconf 85' lang='lat' dir='ltr'>Armenii</span> <span class='ocrx_word' id='word_1_348' title='bbox 1309 3773 1364 3824; x_wconf 87' lang='lat' dir='ltr'>He·</span> 
     </span>
     <span class='ocr_line' id='line_1_39' title="bbox 266 3807 1363 3910; baseline -0.001 -16"><span class='ocrx_word' id='word_1_349' title='bbox 266 3843 351 3904; x_wconf 88' lang='lat' dir='ltr'>braei,</span> <span class='ocrx_word' id='word_1_350' title='bbox 370 3841 489 3892; x_wconf 86' lang='lat' dir='ltr'>omnium</span> <span class='ocrx_word' id='word_1_351' title='bbox 509 3807 628 3910; x_wconf 80' lang='lat' dir='ltr'>dedique</span> <span class='ocrx_word' id='word_1_352' title='bbox 649 3843 790 3893; x_wconf 87' lang='lat' dir='ltr'>nationum</span> <span class='ocrx_word' id='word_1_353' title='bbox 810 3841 943 3902; x_wconf 89' lang='lat' dir='ltr'>homines,</span> <span class='ocrx_word' id='word_1_354' title='bbox 965 3850 1039 3892; x_wconf 89' lang='lat' dir='ltr'>tanta</span> <span class='ocrx_word' id='word_1_355' title='bbox 1060 3834 1234 3892; x_wconf 86' lang='lat' dir='ltr'>multitudine</span> <span class='ocrx_word' id='word_1_356' title='bbox 1253 3860 1363 3893; x_wconf 89' lang='lat' dir='ltr'>concur·</span> 
     </span>
     <span class='ocr_line' id='line_1_40' title="bbox 267 3911 1363 3993; baseline 0.001 -31"><span class='ocrx_word' id='word_1_357' title='bbox 267 3921 344 3964; x_wconf 82' lang='lat' dir='ltr'>rente</span> <span class='ocrx_word' id='word_1_358' title='bbox 366 3920 396 3962; x_wconf 91' lang='lat' dir='ltr'>ut</span> <span class='ocrx_word' id='word_1_359' title='bbox 415 3920 502 3962; x_wconf 91' lang='lat' dir='ltr'>totum</span> <span class='ocrx_word' id='word_1_360' title='bbox 521 3913 639 3962; x_wconf 81' lang='lat' dir='ltr'>exterius</span> <span class='ocrx_word' id='word_1_361' title='bbox 657 3911 732 3982; x_wconf 88' lang='lat' dir='ltr'>quod</span> <span class='ocrx_word' id='word_1_362' title='bbox 750 3913 821 3962; x_wconf 88' lang='lat' dir='ltr'>iuter</span> <span class='ocrx_word' id='word_1_363' title='bbox 841 3911 972 3979; x_wconf 84' lang='lat' dir='ltr'>palatium</span> <span class='ocrx_word' id='word_1_364' title='bbox 1000 3919 1028 3961; x_wconf 89' lang='lat' dir='ltr'>et</span> <span class='ocrx_word' id='word_1_365' title='bbox 1047 3911 1073 3962; x_wconf 87' lang='lat' dir='ltr'>S</span> <span class='ocrx_word' id='word_1_366' title='bbox 1094 3911 1224 3993; x_wconf 82' lang='lat' dir='ltr'>Sophiam</span> <span class='ocrx_word' id='word_1_367' title='bbox 1247 3914 1363 3980; x_wconf 83' lang='lat' dir='ltr'>spatium</span> 
     </span>
     <span class='ocr_line' id='line_1_41' title="bbox 268 3982 1362 4051; baseline 0.002 -21"><span class='ocrx_word' id='word_1_368' title='bbox 268 3993 326 4039; x_wconf 81' lang='lat' dir='ltr'>eat,</span> <span class='ocrx_word' id='word_1_369' title='bbox 344 3983 505 4050; x_wconf 85' lang='lat' dir='ltr'>completum</span> <span class='ocrx_word' id='word_1_370' title='bbox 533 3991 621 4044; x_wconf 78' lang='lat' dir='ltr'>esset,</span> <span class='ocrx_word' id='word_1_371' title='bbox 652 3992 681 4033; x_wconf 90' lang='lat' dir='ltr'>ut</span> <span class='ocrx_word' id='word_1_372' title='bbox 701 3982 828 4032; x_wconf 87' lang='lat' dir='ltr'>audirent</span> <span class='ocrx_word' id='word_1_373' title='bbox 853 3998 995 4051; x_wconf 86' lang='lat' dir='ltr'>quamnam</span> <span class='ocrx_word' id='word_1_374' title='bbox 1026 3997 1071 4032; x_wconf 74' lang='lat' dir='ltr'>rer</span> <span class='ocrx_word' id='word_1_375' title='bbox 1091 3983 1252 4034; x_wconf 81' lang='lat' dir='ltr'>sententiam</span> <span class='ocrx_word' id='word_1_376' title='bbox 1274 3983 1362 4034; x_wconf 82' lang='lat' dir='ltr'>ferret.</span> 
     </span>
     <span class='ocr_line' id='line_1_42' title="bbox 268 4051 1362 4121; baseline 0.002 -19"><span class='ocrx_word' id='word_1_377' title='bbox 268 4060 332 4102; x_wconf 90' lang='lat' dir='ltr'>tunc</span> <span class='ocrx_word' id='word_1_378' title='bbox 350 4051 502 4120; x_wconf 83' lang='lat' dir='ltr'>patriarcha</span> <span class='ocrx_word' id='word_1_379' title='bbox 520 4051 554 4102; x_wconf 90' lang='lat' dir='ltr'>ad</span> <span class='ocrx_word' id='word_1_380' title='bbox 574 4061 695 4104; x_wconf 84' lang='lat' dir='ltr'>senatum</span> <span class='ocrx_word' id='word_1_381' title='bbox 715 4059 924 4121; x_wconf 82' lang='lat' dir='ltr'>purpuratorum</span> <span class='ocrx_word' id='word_1_382' title='bbox 942 4053 1069 4111; x_wconf 83' lang='lat' dir='ltr'>accessit,</span> <span class='ocrx_word' id='word_1_383' title='bbox 1092 4053 1297 4121; x_wconf 85' lang='lat' dir='ltr'>reverentiaque</span> <span class='ocrx_word' id='word_1_384' title='bbox 1318 4054 1362 4104; x_wconf 89' lang='lat' dir='ltr'>in·</span> 
     </span>
    </p>
   </div>
   <div class='ocr_carea' id='block_1_6' title="bbox 0 0 1482 4816">
    <p class='ocr_par' dir='ltr' id='par_1_6' title="bbox 0 0 1482 4816">
     <span class='ocr_line' id='line_1_43' title="bbox 0 0 1482 4816; baseline 0 1"><span class='ocrx_word' id='word_1_385' title='bbox 0 0 1482 4816; x_wconf 95' lang='lat' dir='ltr'> </span> 
     </span>
    </p>
   </div>
  </div>
 </body>
</html>
