2954 4816
276 239 325 316 tt
718 249 918 316 utstomt

214 405 360 486 1λθῦπὲρ
384 403 418 466 τὸ
441 403 606 489 χροσιὲφη.
654 393 795 488 α’γιὲπησε
826 404 861 466 δὲ
896 398 994 465 πολλὰ
1020 398 1055 462 ri
1083 399 1171 479 γένος’
1194 397 1259 462 ταῖν
1280 397 1374 478 Χρι-

274 509 431 582 στιανῶν,
455 503 511 568 καὶ
537 501 647 585 ditent
668 507 780 576 καλῶς.
831 502 886 566 καί
912 496 1045 584 ῦρισμὸν
1067 495 1175 576 ἔδωκε,
1195 497 1249 559 καί
1267 492 1374 576 ἔκαμε

215 599 219 607 s
273 602 330 668 καί
346 603 486 686 μεγάλας
504 608 655 688 ’φοβὲρας
677 605 722 676 εἰς
744 601 880 675 ἐκείνους
899 599 980 662 ὀποῦ
1004 596 1043 667 νοὶ
1063 587 1268 680 πηράζοονῆ
1289 598 1372 661 δια-

272 700 410 782 pultona
430 701 496 765 τινὰ
518 707 580 765 τιὸν
603 704 824 782 Χριστιανῶν,
844 699 883 764 νοὶ
908 697 1112 762 παιδεύονται
1134 698 1269 777 βαρέως
1311 691 1376 756 κατ’

273 799 350 881 oripi
366 802 463 879 μόνον
492 801 508 863 δ
542 797 709 880 σουλτάνος
732 797 839 882 α’γάπα
867 797 943 873 τοῦς
967 793 1198 879 Χριστιανούς,
1224 791 1288 877 α’μίγ
1312 793 1374 856 καί
1384 813 1407 864 5

198 969 199 973 ¹
272 896 338 964 ὅλοι
361 897 389 964 οἱ
411 900 649 980 μσυσοολμοὶνοι
670 902 773 988 ἓνοκον
793 902 851 964 τοῦ
880 896 1015 979 ὁρισμοῦ
1036 897 1094 958 τοῦ
1114 896 1256 980 uipereor.
1294 888 1373 975 οἶχε

273 1001 308 1062 δὲ
330 999 346 1062 ὁ
368 997 539 1076 σουλτῦνος
568 1001 707 1083 μεγάλην
730 999 836 1080 χαρὰν
858 998 912 1062 καί
932 994 1152 1092 τῦφροσῦνην,
1173 991 1301 1068 ἕλκοντας
1324 992 1383 1056 ad‘

266 1095 344 1187 Ιγε’νγγ
364 1098 510 1162 τοιοῦτον
531 1103 639 1180 γένους
659 1101 816 1183 ου’θέντης
838 1100 893 1162 καί
910 1099 1073 1180 βασιλέας.
1137 1171 1140 1180 λ

348 1199 386 1264 Ὁ
407 1200 442 1263 δὲ
463 1198 662 1283 πατριάρχης
692 1199 783 1280 κῦρις
813 1202 842 1263 Γ
841 1194 979 1272 οννοίδιος
1000 1193 1115 1276 ἔκταμεν
1136 1197 1181 1267 εἰς
1203 1191 1255 1256 τὸν
1277 1191 1371 1276 ῦψη-

271 1297 401 1362 λῦτατον
423 1299 650 1380 πατριαρχικὸν
664 1298 779 1379 θρόνον
798 1300 854 1381 τῆς
874 1297 1049 1380 ἁγιωτάτης
1071 1296 1127 1359 τοῦ
1140 1295 1286 1378 Χριστοῦ
1305 1317 1370 1373 με.
1384 1313 1427 1364 10

270 1400 368 1480 γάλης
391 1395 561 1480 ἐκκλησίας
574 1395 709 1480 χρόνους
728 1400 829 1480 πέντε,
851 1401 906 1460 καί
919 1399 1031 1477 μῆνας.
1054 1393 1108 1458 καί
1121 1393 1184 1456 α’πό
1201 1391 1241 1456 τὰ
1262 1392 1368 1456 πολλὰ

268 1501 324 1560 καί
343 1495 466 1579 μεγαλα
489 1498 659 1582 σκάνδαλα,
681 1495 762 1560 ῦποῦ
780 1490 869 1580 ἦσαν,
892 1493 1020 1561 ἐκάλεσε
1033 1495 1166 1558 σῦνοδον
1187 1491 1368 1575 α’ρχιιρέοον

266 1601 322 1661 καί
341 1599 496 1679 κληρικιῦν
517 1595 572 1659 καί
587 1596 750 1678 ἀρχόντων
773 1597 828 1660 καί
848 1597 972 1680 πάντων
992 1600 1054 1660 τοῖν
1073 1593 1288 1678 Χριστιανῶν,
1309 1590 1370 1654 καί

268 1695 365 1777 ἔκαμε
387 1697 576 1779 παραίτησιν
595 1699 651 1758 τοῦ
664 1698 896 1779 πατριαρχικοῦ
917 1694 1048 1778 θρόνου.
1091 1691 1120 1756 oi
1142 1695 1177 1756 δὲ
1200 1693 1365 1775 ἀρχιερεῖς

266 1791 502 1878 ἐπαρεκῦλοσαν
524 1792 630 1874 αὐτόν,
652 1799 707 1859 καί
728 1793 757 1860 οἱ
777 1800 919 1880 κληρικοί
932 1799 987 1858 καί
1008 1791 1085 1871 ὅλος
1104 1789 1120 1856 ὃ
1140 1791 1226 1875 λαός,
1248 1787 1302 1855 διὰ
1324 1789 1365 1855 νῦ
1379 1812 1419 1865 15

266 1897 436 1982 διαμείνῃ·
488 1893 555 1978 α’μὴ
583 1899 635 1960 δὲν
652 1898 789 1980 η’θδλησε
820 1897 944 1971 τελείως
971 1893 1008 1960 noi
1030 1893 1065 1958 τό
1096 1888 1225 1980 α’κοῦση.
1266 1891 1368 1975 μόνον

267 1991 390 2080 ἔγραψε
418 1995 473 2078 την
502 2001 692 2080 παραίτησιν
720 1990 823 2060 edroi
852 1994 979 2076 τίςτὰν
1007 1992 1127 2058 κιδδικα
1151 1997 1207 2077 τῆς
1225 1995 1367 2077 μεγάλης

267 2095 455 2184 ἐκκλησίας,
482 2097 537 2158 καί
571 2101 677 2176 λαβὼν
706 2094 746 2160 τοὶ
779 2095 950 2178 πράγματα
972 2095 1075 2158 αὐτοῦ
1083 2142 1092 2174 ,
1113 2087 1180 2176 ἤτοι
1203 2087 1243 2155 dv
1265 2084 1363 2172 εἶχεν,

267 2191 386 2276 ὑπῆγεν
408 2197 441 2258 ἑν
462 2197 504 2280 τῷ
527 2189 594 2276 ἅμα
618 2198 662 2268 τίς
684 2195 717 2258 τὸ
741 2195 950 2277 μοναστήριον
970 2199 1029 2258 τοῦ
1050 2195 1141 2259 θείου
1165 2187 1364 2276 προδρόμου,

266 2297 324 2356 τοῦ
348 2295 382 2356 ἐν
405 2298 448 2379 τῷ
470 2288 538 2374 ὅρει
560 2295 754 2372 Μενοικέως,
775 2287 909 2376 πλησίον
927 2297 971 2368 εἰς
992 2291 1048 2368 τοὶς
1068 2297 1198 2376 Σέρρας,
1220 2289 1277 2355 καί
1295 2292 1368 2354 ἐκεῖ
1373 2297 1413 2350 20

214 2397 217 2404 ’
266 2393 423 2456 δπέθοινον
441 2397 602 2480 εἰρηνικοῖς
626 2393 681 2487 ηαδ
699 2391 906 2474 ἐμττήλλαξον
926 2392 996 2458 α’ντί
1017 2393 1074 2459 τοῦ
1102 2391 1223 2470 κόσμου
1245 2386 1363 2454 τοῦτου

233 2567 240 2580 Ι
267 2486 323 2575 τήν
345 2492 493 2576 ου’ράνιον
512 2495 678 2572 βασιλείαν
698 2495 753 2556 τοῦ
774 2495 868 2567 θεοῦ,
995 2489 1000 2504 ’

198 2793 211 2802 ‘
267 2810 370 2844 aurum.
407 2791 470 2843 hinc
488 2809 579 2843 amore
598 2799 755 2861 prosecutus
777 2799 817 2843 est
840 2799 947 2860 gentem
968 2792 1163 2854 Christianam,
1183 2791 1361 2862 benignoque

177 2899 180 2910 .
265 2864 372 2933 aspexit
390 2863 475 2914 vultu,
513 2864 563 2914 hat
581 2861 615 2912 de
631 2881 710 2914 causa
729 2861 818 2915 eclicto
838 2865 977 2932 proposito
998 2865 1086 2932 gravia
1099 2865 1214 2913 minatus
1236 2865 1361 2928 estillic,

266 2937 421 3004 quicunque
442 2935 616 2984 molestarent
636 2943 682 2984 aut
707 2935 935 2984 calumniarentur
953 2935 1070 3003 aliquem
1088 2933 1310 2996 Christianorum,
1328 2935 1361 2986 in

266 3022 368 3073 eoaque
388 3006 502 3071 graviter
519 3004 698 3054 animadverti
717 3004 802 3053 iuaait.
835 3021 889 3054 -nec
903 3007 961 3072 ipae
981 3007 1065 3055 solum
1085 3005 1206 3056 sultanus
1226 3005 1362 3072 diligebat

267 3076 453 3128 Christianos:
473 3073 521 3124 sed
542 3075 630 3124 cuncti
653 3075 734 3124 etiam
744 3074 849 3124 ‘Furcae
864 3076 921 3143 (qui
943 3077 1063 3143 ipsorum
1079 3077 1170 3142 lingua
1183 3077 1359 3138 Muanlmani,

266 3145 319 3196 hoc
341 3154 381 3196 eat
399 3145 565 3205 circumcisi,
595 3144 778 3211 appellantur)
805 3153 915 3212 propter
935 3147 1052 3198 edictum
1073 3147 1182 3214 regium.
1219 3150 1359 3198 enimvero

266 3231 362 3282 magno
383 3213 518 3279 gaudebat
547 3231 629 3284 opero
655 3214 895 3284 oblectabaturque
921 3217 1060 3281 sultunus,
1088 3217 1211 3288 quodlae
1229 3219 1291 3270 talia
1308 3223 1360 3268 ba·

267 3287 350 3340 tionis
368 3285 506 3335 dominum
525 3301 667 3354 regemque
686 3286 744 3336 fieri
763 3286 930 3354 contigisset.

335 3373 458 3423 Ceterum
480 3371 798 3442 patriarchaGennadius
817 3376 845 3423 in
866 3373 975 3424 sublimi
996 3391 1108 3443 magnae
1119 3377 1360 3446 sanctissimaeque

268 3441 366 3499 Christi
388 3445 516 3494 ecclesiae
536 3443 633 3513 throno
655 3461 739 3494 annos
759 3445 882 3514 quinque
901 3453 928 3495 et
946 3446 1050 3516 aliquot
1068 3463 1172 3498 menses
1191 3449 1257 3514 egit*
1293 3441 1360 3498 tunc

267 3513 360 3564 multia
389 3515 543 3584 magnisque
568 3513 686 3566 dissidiisv
715 3517 813 3566 exortis
841 3517 985 3566 concilium
1018 3520 1176 3568 convocavit
1196 3518 1359 3588 pontificum

267 3585 424 3636 clericorum
442 3588 605 3653 optimatum
631 3594 840 3655 cunctorumque
854 3584 1084 3650 Christianorum,
1104 3589 1132 3639 in
1151 3607 1205 3658 quo
1223 3605 1251 3640 se
1270 3589 1359 3659 patri-

268 3655 374 3706 archico
395 3672 504 3707 munere
522 3655 665 3706 abdicavit.
686 3655 899 3708 adhortabantur
926 3657 1037 3726 quidem
1062 3661 1205 3726 pontifices
1224 3662 1309 3728 ipsum
1328 3669 1360 3712 et

268 3727 442 3776 ecclesiastici
460 3727 509 3776 viri
529 3727 700 3795 populusque
720 3735 829 3778 cunctus
850 3727 884 3778 ad
902 3728 1083 3779 manendum:
1103 3729 1151 3780 sed
1171 3749 1279 3800 prorsus
1297 3731 1359 3798 ipse

267 3798 357 3847 noluit
379 3795 479 3856 audire,
500 3813 589 3846 verum
609 3796 808 3847 abdicationem
835 3815 908 3848 auam
931 3800 959 3849 in
980 3800 1072 3850 codice
1094 3818 1204 3868 magnae
1225 3802 1359 3855 ecclesiae

267 3868 412 3936 inscripsit.
449 3865 512 3916 dein
527 3867 605 3916 rebus
623 3867 675 3918 suis
695 3869 821 3935 acceptis,
843 3877 914 3920 recta
932 3887 960 3920 se
980 3872 1007 3920 in
1028 3874 1218 3922 monasterium
1240 3873 1270 3922 D.
1291 3873 1360 3923 Pro-

189 3997 191 4003 ·
269 3935 364 3998 dromi,
383 3939 411 3987 in
430 3945 521 3988 monte
541 3937 680 3989 Menoecei
702 3955 785 4006 prope
807 3939 897 3990 Serras
917 3941 1007 4005 situm,
1026 3943 1151 4005 contulit,
1172 3943 1265 4012 ibique
1283 3943 1358 3994 bona

268 4015 334 4074 pace
352 4015 472 4060 mortuus
503 4025 562 4058 cum
592 4009 643 4060 hoc
668 4007 768 4060 caduco
799 4011 899 4062 mundo
928 4014 1043 4065 caeleste
1073 4013 1116 4064 dei
1145 4031 1254 4082 regnum
1282 4031 1359 4066 com-

270 4079 391 4129 mutavit.
