2954 4816
669 141 678 167 i

495 311 815 385 ulmllucfflct.
1139 309 1210 387 197

103 471 164 536 τοδ
182 473 263 536 θεοῦ
284 463 395 554 χάριτι
416 471 597 557 δξεσπδσθη
619 474 673 536 καί
691 469 862 558 λξεριζιόθη
883 469 919 537 ui
933 471 1136 554 Σιμωνιαιιδν
1156 477 1212 540 καί

102 571 136 636 τὸ
159 574 345 652 ἐμβατίκιον
373 571 407 636 τὸ
436 572 544 636 ὁποῖον
576 571 631 636 nul
657 571 735 636 αύτὸ
767 571 967 654 Σιμωνιακόν
1000 566 1213 658 ἦτον-ἀσεβέ-

103 694 228 754 στατον,
241 669 350 747 καθώς
374 671 533 737 αἰιούσατε
549 663 688 757 ἄνωθεν,
711 668 790 736 ineo
804 669 993 757 ἐγράψαμεν
1014 677 1060 751 εἰς
1082 677 1210 753 πλάτος.

182 767 301 858 Ὅμως,
323 770 431 847 καθιδς
452 775 612 838 ἐτελείωσε
636 771 672 836 τό
694 773 850 856 σωτήριον
870 777 962 838 τούτο
986 771 1078 856 ἔργον
1098 773 1115 841 ὅ
1132 802 1210 862 χρι-

78 872 302 954 5στομίμητος
324 869 544 957 πατριάρχης,
568 870 679 938 ἔντεσιν
700 869 716 935 δ
740 871 839 947 πόθος
861 874 964 937 aitrau
984 875 1040 938 καί
1059 874 1078 959 ἦ
1102 877 1209 964 α’γδπη

105 975 152 1049 εἰς
183 971 243 1056 την
275 968 411 1058 μελέτην
432 975 489 1056 τῆς
512 976 603 1049 θειάς
636 977 779 1060 γραφῆς,
815 972 871 1038 καί
897 973 996 1040 νύκτα
1028 979 1084 1038 καί
1103 975 1208 1060 ἡμέρα

104 1072 283 1152 ἐσπούδαζε
322 1074 377 1137 καί
411 1074 584 1152 σπουδάζει
619 1073 783 1156 θεολογικὰ
814 1065 1008 1160 φιλοσοφιλιά
1041 1079 1096 1140 καί
1126 1069 1208 1142 ἄλλα

100 1171 205 1245 πολλοὶ
232 1172 414 1256 μαθήματα
449 1173 504 1238 καί
534 1173 783 1259 ἐκκλησιαστικύ.
836 1176 892 1240 καί
911 1173 955 1249 ὥς
992 1175 1209 1257 οἰκουμενικδς

104 1271 397 1357 πατριάρχης·’καί
430 1274 535 1358 πατήρ
568 1277 623 1340 κατ’
658 1277 847 1350 διδάσκαλος
878 1277 931 1340 δὲν
959 1272 1099 1344 ἔπαυσεν
1132 1280 1208 1346 aaut

60 1381 94 1436 10
104 1374 209 1437 παύει
226 1373 264 1438 νύ
289 1373 431 1440 διδάσκει
452 1380 507 1440 καί
526 1375 564 1440 νύ
583 1369 737 1462 ’κηρύττει
758 1375 814 1440 τὸν
835 1373 927 1459 λόγον
948 1379 1007 1442 τοῦ
1028 1379 1106 1442 θεοῦ
1125 1377 1209 1462 πρὸς

103 1473 223 1552 πάντας
244 1475 319 1551 τούς
340 1478 483 1559 εὐσεβεῖς
504 1478 556 1542 διδ
580 1476 638 1561 τὴν
659 1475 820 1562 σωτηριάν
850 1478 973 1561 αδτοδν,
993 1477 1101 1555 ναθολς
1130 1475 1207 1544 ἕνα·

102 1601 187 1658 μναν
206 1575 236 1641 οἱ
251 1575 429 1662 σοφώτατοι
447 1581 579 1643 παλαιοί
591 1575 798 1662 πατριάρχαι.
820 1582 874 1644 καί
893 1578 1116 1659 σπουδάζοντα
1134 1583 1207 1644 καθ’

102 1678 245 1763 ἡμέραν,
277 1676 327 1743 ἴδε
355 1679 390 1743 τὸ
427 1677 524 1765 ῥητὸν
554 1683 611 1744 τοῦ
638 1680 729 1743 θείου
751 1683 859 1760 Δαβίδ
891 1678 927 1742 τὸ
959 1685 1049 1760 λε’γον
1070 1681 1206 1763 *(Κύριε,

102 1775 251 1865 ἠγάπησα
272 1780 463 1863 εὐπρέπειαν
497 1777 584 1846 οἴκου
605 1805 663 1846 σου
695 1768 751 1845 aar·
770 1778 867 1844 τόπον
889 1777 1092 1864 σκηνώματος
1114 1779 1207 1866 δόξης

58 1883 192 1950 15σου.”
244 1880 299 1944 καί
331 1880 348 1944 δ
377 1884 476 1964 μέγας
511 1875 682 1957 Βασίλειὶις
721 1885 777 1945 καί
810 1877 826 1942 ὅ
856 1884 944 1955 θεῖος
980 1880 1206 1966 Χρυσόστομος

103 1977 257 2064 ῐίᾶγίασον
279 1981 351 2060 τούς
374 1985 562 2070 α’γαπιδντας
582 1983 647 2066 τῆν’
661 1983 852 2066 εὐπρέπειαν
872 1984 931 2044 τοῦ
953 1978 1039 2046 οἴνου
1062 1985 1151 2052 σοο,”

188 2081 261 2147 Καὶ
280 2084 314 2148 ἐν
338 2087 381 2171 τῷ
403 2079 471 2164 ἅμα
493 2079 565 2149 ὅλον
586 2083 621 2149 τὸ
646 2085 782 2165 τέμπλον
804 2086 845 2162 μὲ
871 2081 910 2145 τὰ
938 2075 1013 2165 ἅγια
1036 2082 1146 2167 θύρη,
1170 2082 1206 2147 τὸ

101 2182 241 2248 παλαιὸν
264 2181 375 2262 ἐκεῖνο,
396 2183 431 2248 τὸ
448 2186 703 2268 σεσαθρωμένον,
728 2175 903 2266 τὸ-εύγαλε,
925 2186 979 2249 aul
997 2179 1112 2264 elaeusa
1127 2175 1205 2248 αύτύ

99 2289 183 2366 νέον,
207 2279 279 2375 ὅλον
298 2283 437 2369 γλυπτδν
458 2289 499 2367 μὲ
523 2283 664 2370 καθαρὸν
685 2283 851 2372 χρυούφη,
873 2283 998 2360 καὶτὰς
1019 2285 1125 2370 θύρας
1144 2287 1265 2360 τοδιει

52 2385 246 2468 20flq'uoeroc
271 2383 350 2450 ὀποῦ
379 2381 447 2469 ἔχει
476 2385 531 2451 τόν
567 2390 656 2450 θεῖον
684 2385 914 2468 εδαγγελισμδν
934 2389 996 2471 [alc
1029 2383 1205 2470 ύπεραγίας

101 2486 266 2566 θεοτόιιου,
290 2484 344 2551 aar*
364 2486 450 2566 δεξιοὶ
474 2489 529 2550 κατ’
550 2487 711 2571 ἀριστερά,
734 2483 846 2549 ‹induo›
869 2484 925 2550 καί
944 2487 1040 2570 ια’τοο,
1056 2480 1128 2550 δλον
1148 2485 1204 2549 τὸν

15 2616 27 2630 ,
102 2585 184 2652 ναόν
204 2585 372 2672 εδτρέπισε
393 2591 447 2653 καί
469 2583 525 2652 adv
545 2588 727 2672 ἐλάμπρυνε
752 2589 807 2651 καί
826 2587 883 2652 τὸν
906 2585 1049 2653 ε’στόλισε
1067 2589 1109 2668 μὲ
1129 2582 1204 2652 διά-

883 2737 892 2761 a

99 2804 158 2856 tiae
178 2801 312 2853 beneficio
334 2802 426 2853 euulsa
447 2809 474 2853 et
492 2801 626 2852 eradicata
645 2808 685 2852 est
702 2800 862 2867 symoniaca
881 2799 1043 2852 nundinatio
1063 2807 1091 2852 et
1111 2797 1203 2851 emba-

101 2875 197 2928 tioium
210 2891 216 2939 3
238 2872 313 2942 quod
331 2881 359 2924 et
372 2875 459 2944 iprum
471 2873 590 2924 Simonia
603 2873 719 2924 maxime
732 2873 815 2942 impia
834 2879 900 2934 erat,
915 2872 986 2924 sicut
1003 2887 1094 2941 supra,
1114 2888 1202 2942 quau-

100 2956 159 3000 tum
180 2946 254 3009 satie,
275 2945 389 2998 anobis
412 2945 539 3014 seriptum
560 2953 642 2996 extat.
1097 2999 1100 3013 ἱ

174 3015 230 3068 Ηοα
250 3016 360 3067 salutari
381 3033 463 3086 opere
484 3033 498 3066 a
518 3015 626 3067 Christo
652 3015 776 3066 imitante
804 3013 954 3086 patriarcha
972 3013 1104 3084 perfeeto,
1122 3029 1202 3065 omne
1292 3018 1298 3028 ”

100 3088 223 3154 studium
243 3089 301 3139 eius
318 3087 440 3156 flagranti
459 3087 595 3139 desiderio
615 3086 649 3138 ad
669 3087 874 3152 meditationem
893 3086 1044 3138 divinarum
1065 3084 1202 3136 literarum

99 3160 237 3221 incubuit,
257 3161 284 3214 ln
306 3159 404 3229 qulbus
426 3159 484 3210 dieo
504 3168 653 3228 noctesque
672 3167 793 3210 versatus
812 3163 900 3210 estet
916 3174 989 3217 nuno
1011 3157 1092 3208 etiam
1112 3173 1203 3210 versa·
1274 3157 1277 3171 ⁴

20 3246 26 3252 ·
99 3242 156 3294 tur,
177 3249 235 3283 cnm
255 3231 393 3300 theologia
421 3229 621 3301 philosophiam
651 3239 677 3281 et
697 3230 750 3280 alia
771 3231 854 3281 multa
878 3229 1114 3298 ecclesiasticaque
1135 3246 1203 3280 con·

99 3307 226 3372 iungens.
263 3312 344 3372 atque
367 3311 396 3354 ut
418 3303 591 3354 oecumenico
612 3301 778 3370 patriarchae
798 3311 826 3352 et
844 3304 915 3370 patri
934 3311 961 3352 et
981 3300 1086 3352 doctori
1100 3317 1204 3353 conve·

100 3376 163 3438 nit,
193 3391 244 3426 neo
272 3376 385 3436 caleavit
410 3391 460 3424 nec
487 3382 574 3425 cessat
605 3374 671 3444 quin
696 3372 793 3422 doceat
823 3381 849 3422 et
872 3372 1010 3440 praedicet
1027 3371 1138 3422 verbnm
1158 3371 1204 3424 del

101 3445 229 3498 omnibus
259 3447 311 3515 pila
333 3445 499 3496 adsalutem
530 3462 631 3506 eorum,
650 3445 719 3494 sicut
738 3443 929 3510 sapientissimi
960 3443 1062 3511 quique
1080 3452 1203 3494 veterum

101 3517 317 3590 patriarcharum
336 3518 501 3568 factitarunt.
525 3533 638 3586 cumque
659 3517 698 3576 in,
712 3515 769 3571 dies
789 3515 909 3582 singulos
929 3511 1110 3564 eruditionem
1129 3531 1203 3566 auam

100 3597 220 3657 augeat,
242 3589 307 3640 facit
328 3588 354 3638 id
377 3606 409 3639 ex
429 3587 549 3640 dictos.
571 3586 679 3639 Doridis
711 3585 853 3648 “domine‚
888 3584 970 3636 dilexi
1007 3583 1204 3636 decorem'do-

100 3679 161 3713 mus
182 3670 244 3712 tuae
272 3670 300 3712 et
327 3661 416 3710 locum
443 3659 751 3728 habitationis-gloriae
770 3666 832 3708 tuae
844 3661 867 3721 ,’'
885 3665 921 3708 'et
944 3653 1037 3707 Baailii
1064 3655 1099 3704 M.
1120 3673 1151 3707 ac
1168 3657 1201 3708 D.

100 3732 286 3800 Chryeostomi
307 3731 463 3782 “sanctifica
485 3747 531 3790 eos
552 3733 599 3802 qui
618 3730 736 3797 diligunt
760 3729 884 3781 decorem
904 3727 1112 3780 domus'tuae.'’

175 3802 276 3854 Eodem
296 3811 418 3874 iempore
439 3811 525 3854 totum
545 3803 641 3872 templi
660 3802 802 3853 delubrum
820 3818 880 3852 oum
900 3800 980 3852 saeris
1001 3799 1114 3862 loribus,
1132 3797 1202 3851 illud

98 3883 239 3928 vetustum
261 3883 288 3926 et
307 3873 499 3944 putrefactum,
520 3875 640 3936 removit,
660 3883 687 3926 et
707 3873 821 3924 denovo
841 3873 1004 3935 aedificavit,
1022 3878 1110 3942 totum
1130 3871 1202 3921 ecul-

99 3947 181 4018 ptile‚
201 3950 268 4014 p'uro
288 3963 352 3998 auro
374 3955 507 3998 ornatum.
544 3948 608 3998 item
628 3945 699 3996 sores
715 3945 894 3996 cancellorum
913 3945 995 4010 leolt3
1016 3959 1071 4012 quo
1092 3943 1120 3992 ln
1139 3941 1201 3994 loco

99 4019 242 4087 angelicae
260 4017 293 4068 ad
321 4020 351 4070 D.
370 4019 501 4088 virginem
523 4017 694 4070 salutationis
723 4019 811 4084 imago
833 4025 882 4068 est.
918 4032 949 4066 ac
968 4014 1062 4066 dextra
1081 4012 1202 4065 eluiatra-

99 4107 168 4160 que,
187 4107 266 4159 supra
285 4098 313 4142 et
335 4090 413 4153 iufra,
433 4089 563 4159 templum
584 4090 725 4140 exornavit
741 4096 855 4156 totum3·
869 4087 953 4157 idque
971 4103 982 4136 ε
1003 4082 1141 4136 Ιευδίελίυε
1161 4085 1202 4137 fe-

99 4163 148 4226 cit,
165 4170 194 4214 et
215 4159 354 4215 decoravit
372 4163 454 4215 uariis
474 4160 648 4230 imaginibus,
668 4162 769 4229 maguis
790 4168 817 4211 et
835 4161 932 4230 parvis,
952 4103 1133 4226 pulcherrime
1153 4173 1201 4207 ve-

77 4233 174 4294 ,atitla
201 4241 229 4286 et
256 4232 435 4291 candelabris.
473 4233 606 4288 columnia
632 4247 742 4306 quoque
764 4231 859 4304 templi
885 4227 1058 4302 splendorem
1076 4226 1198 4296 addidit3
