2954 4816
228 335 231 340 Ι
268 221 338 296 lde
363 287 366 291 .
499 301 501 310 A
718 237 912 304 mstottts

262 388 319 450 κατ’
346 383 433 469 παρὰ
466 388 524 451 τοῦ
553 384 687 466 λεγότοα
708 390 765 449 sori
785 385 987 468 πόπο,ότι,
1011 381 1071 474 εἶφ’
1091 381 1130 452 οὗ
1150 393 1233 470 γένει
1254 388 1365 470 dogit·

261 487 347 567 ρεός,
369 483 406 548 νό
428 481 567 565 ἔχειέόκ
586 482 703 563 θρόνον
721 488 776 566 τῆς
791 483 1022 566 Μονεμβασόας
1043 488 1289 568 α’νεμποόιστιις,
1309 491 1367 550 καὶ

262 577 368 655 lucror
386 573 448 645 τεόν
467 577 647 664 ἱερωμένων
675 575 696 662 ἢ
716 585 781 644 τῶν
803 587 960 662 κοσμικοόν
995 588 1080 667 φανῇ
1102 585 1203 648 adteri
1223 586 1380 658 ἐναντίος·

260 683 317 742 καί
337 679 493 760 άπειθὴς,
522 676 560 742 νά
589 678 775 742 παιδεύεται
803 679 948 761 μεγάλως
970 685 1026 745 καί
1043 669 1081 745 νά
1105 684 1277 761 ἐξοριζεται
1296 677 1361 742 tut

260 777 316 842 τόν
335 779 430 842 τόπον
462 775 579 842 ἐκεῖνον
609 779 668 853 ἕως
700 775 773 861 όλης
802 782 856 859 τῆς
888 781 970 861 ζωῆς
1001 781 1111 842 adteri.
1154 777 1241 856 ὅμως
1264 771 1395 859 η’λθενὸ

259 879 307 951 εἰς
336 881 589 957 Μονεμβασιάν,
621 873 720 952 ἔδειξε
749 877 825 951 τοός
847 875 1002 956 όρισμοός
1027 879 1083 959 τῆς
1105 864 1280 949 αόθεντόας
1297 877 1364 938 τοῖν

259 980 434 1042 Βενετίκων
456 973 535 1054 πρός
565 973 621 1037 τόν
650 969 806 1058 αὐθέντην
827 977 882 1038 τοῦ
912 975 1007 1037 τόπου
1028 977 1084 1038 καί
1102 973 1181 1054 πρός
1204 968 1278 1046 τοός
1298 966 1364 1052 dp-

193 1125 195 1131 .
257 1096 373 1154 χοντας
400 1071 455 1134 καί
475 1070 554 1152 πρός
586 1070 640 1135 τόν.
664 1072 752 1134 λαόν.
800 1072 843 1146 οός
876 1073 912 1134 δέ
930 1069 1005 1136 ἴδον
1034 1069 1063 1135 οἱ
1088 1071 1363 1151 Μονεμβασιοόται

258 1169 333 1244 τοός
354 1170 514 1252 όριυμοός,
537 1166 777 1253 ἐπρασκόνησαν
798 1167 895 1232 αότόν
918 1174 973 1233 κατ’
992 1173 1122 1249 ε’τόμουν
1137 1171 1278 1249 μεγάλως
1302 1170 1363 1229 κατ’

196 1261 201 1266 ’
259 1267 460 1348 εὐλαβοῦντο,
482 1263 530 1332 ότι
557 1259 629 1348 ἦτον
649 1271 704 1330 κατ’
717 1268 905 1349 σοφώτατος
926 1271 1034 1348 μέγας.
1077 1264 1186 1332 λοιπόν
1211 1267 1318 1338 τοῦτος
1342 1257 1418 1328 tito

254 1365 426 1448 Ἀρσένιος,
449 1364 492 1438 σός
517 1365 638 1446 ὑπῆγεν
669 1367 736 1427 ἐκεῖ
756 1365 893 1447 tratum,
924 1361 1042 1428 ἔστειλε
1072 1367 1127 1428 καί
1148 1358 1362 1445 ἐπροσκάλεσε

257 1460 311 1528 τόν
331 1465 499 1542 ἐπίσκοπον
517 1463 574 1523 τοῦ
586 1457 724 1536 Ἕλους»
768 1464 824 1524 καί
843 1459 1078 1545 ἐχειροτόνησεν
1099 1457 1198 1526 ου’τόν
1218 1455 1361 1542 πρεσβό.

257 1583 357 1644 τερον.
399 1560 464 1625 τότε
484 1559 680 1642 συμβοόλιον
698 1558 820 1639 ἔννομον
841 1558 916 1640 ε’κεῖ,
940 1555 1021 1635 όπως
1046 1560 1083 1624 νά
1107 1561 1317 1644 χειροτονηθῇ
1341 1555 1359 1620 ό

256 1658 350 1734 αότός
370 1661 529 1740 Ἀρσὲνιος
549 1664 779 1742 μητροπολότης
795 1659 1037 1738 Μσυεμβασόας.
1080 1661 1135 1722 κατ’
1155 1655 1256 1732 οότως
1278 1653 1359 1720 ἔκα-

254 1783 320 1838 μαν
340 1757 395 1822 τόν
409 1751 541 1839 Ἕλους,
570 1755 626 1820 τόν
653 1760 839 1834 ἐπίσκοπον,
862 1760 907 1830 εἰς
936 1759 1030 1820 τόπον
1060 1759 1116 1820 τοῦ
1139 1757 1359 1835 οἰκουμενικοῦ
1371 1765 1413 1819 15

254 1854 474 1939 πατριάρχου,
502 1859 558 1919 καί
578 1855 635 1918 driu
674 1851 769 1937 ἱερεῖς
801 1853 918 1934 ε”βαλαν
947 1856 991 1928 εἰς
1014 1853 1073 1918 όόο
1102 1845 1356 1938 μητροπολιτοόν,

252 1957 312 2018 sori
333 1954 597 2038 Λακεδαιμονίοις
625 1952 681 2018 κατ’
709 1957 765 2017 τοό
798 1954 1127 2032 Χριστιανουπόλεως.
1176 1954 1232 2016 καί
1253 1947 1357 2028 οὕτως

251 2049 372 2130 ἔνειμαν
394 2048 488 2115 αότοό
505 2051 576 2128 τυός
595 2049 737 2136 ψήφους,
759 2049 815 2114 καί
836 2049 957 2114 ἔόωκαν
979 2051 1078 2114 ositeri
1096 2050 1131 2114 τό
1155 2048 1270 2129 μικρόν
1291 2048 1356 2130 μή..

252 2171 348 2228 νυμα,
370 2149 424 2210 καί
446 2148 481 2210 τό
511 2152 594 2229 μέγα
625 2147 708 2228 μετά
738 2147 773 2212 τό
795 2144 970 2229 ἑσπερινόν.
1017 2149 1071 2210 καί
1089 2145 1145 2210 ἐπὶ
1163 2144 1219 2229 την
1240 2138 1355 2228 αόριον

235 2247 452 2326 -λειτουργιάς
470 2251 638 2330 γενομένης
659 2247 899 2328 ἐχειροτόνησαν
914 2242 1012 2310 αὐτόν
1031 2244 1353 2329 μητροπολάηνΜσ-
1362 2255 1407 2307 20

252 2344 443 2425 νεμόασιάς,
475 2344 530 2408 κατ’
558 2331 696 2408 ἐνόυσαν
725 2344 822 2408 ου’τόν
847 2340 928 2422 μετά
958 2346 1021 2406 τοῖν
1051 2340 1144 2424 ἱερῶν
1165 2341 1353 2420 ἐνδυμάτων

251 2443 316 2506 τεόν
339 2439 583 2524 άρχιερατικοόν,
604 2443 662 2506 τοῦ
675 2463 708 2506 τε
730 2445 905 2522 πολυτίμου
916 2443 935 2480 ¹*
946 2440 1074 2522 σάκκου,
1089 2443 1143 2504 καὶ
1163 2439 1353 2524 τόμοφορόου

574 2625 580 2655 l

252 2716 369 2787 lpsorutn
398 2717 539 2787 imperium
559 2717 607 2769 illa
627 2717 703 2770 urbe.
748 2716 909 2786 pugnabant
934 2714 988 2786 ipsi·
1007 2733 1055 2786 pro
1082 2731 1128 2782 eo;
1157 2729 1261 2766 cansam
1284 2716 1349 2768 eius

191 2799 193 2803 ·
250 2788 348 2853 agebat
366 2789 593 2856 papae'legatus,
619 2786 802 2839 concedentes
825 2789 860 2847 ei,
881 2789 989 2856 quaudo
1011 2787 1087 2837 lieret
1105 2785 1246 2858 pontifex,
1268 2785 1350 2836 thro-

250 2873 314 2907 num
335 2858 536 2908 Monernbasiae
562 2859 628 2908 citra
654 2858 873 2909 controversiam.
911 2857 1008 2924 quodsi
1030 2859 1090 2924 quis
1116 2857 1159 2904 vel
1176 2855 1348 2905 sacerdotum

250 2927 293 2977 vel
313 2927 484 2993 politicorum
506 2927 644 2977 hominum
671 2944 700 2978 se
722 2927 763 2975 illi
783 2936 936 2994 opponeret
958 2941 1008 2974 nec
1027 2935 1147 2992 pareret,
1167 2927 1264 2975 acriter
1281 2941 1348 2975 eum

251 2998 377 3063 punitum
397 2998 428 3046 iri
448 3007 531 3064 atque
559 2997 627 3046 adeo
648 2998 855 3046 exterminatum
886 2995 917 3045 iri
940 3011 954 3044 e
975 2996 1034 3044 loco
1054 2996 1155 3044 illaad
1175 3009 1253 3044 otone
1274 3001 1348 3043 tem-

253 3081 305 3132 pus
324 3065 395 3113 vitae
413 3082 485 3114 suae.
526 3074 590 3114 tunc
609 3066 708 3132 igitur,
731 3073 760 3114 ut
788 3066 866 3132 coepi
893 3065 999 3125 dicere,
1020 3064 1228 3114 Monembasiam
1251 3065 1350 3130 recita

251 3132 407 3183 mandatum
429 3142 456 3184 et
473 3134 735 3184 commendationem
750 3132 868 3184 Venetae
885 3133 1077 3184 dominationis
1093 3136 1229 3200 praelecto
1249 3135 1348 3183 civita.

252 3202 297 3263 tis,
316 3201 437 3268 patribus
456 3210 484 3252 et
504 3203 616 3271 populo,
634 3203 767 3254 exhibuit.
805 3203 1033 3253 Monembaaiatue
1053 3211 1196 3272 postquam
1212 3219 1255 3252 eas
1276 3203 1347 3253 tite·

251 3287 293 3320 ras
313 3271 443 3331 viderunt,
464 3272 579 3322 demisse
594 3280 759 3340 exceperunt
778 3272 924 3332 hominem,
944 3273 1047 3322 honore
1064 3283 1092 3322 et
1111 3275 1258 3326 reverentia
1278 3289 1347 3338 pro·

251 3349 403 3409 sequentes,
424 3351 517 3411 utpote
546 3344 682 3410 praeclara
712 3343 793 3392 etiam
813 3342 967 3392 eruditione
994 3350 1022 3391 et
1039 3341 1161 3391 doctrino
1181 3340 1345 3410 praeditum.

153 3452 156 3456 .
249 3409 363 3478 proinde
375 3413 498 3462 Arrenius
510 3411 568 3475 iste,
587 3414 634 3480 qui
646 3413 695 3462 illo
707 3411 837 3462 diaconus
851 3420 969 3472 venerat,
983 3412 1110 3480 misitqui
1121 3411 1213 3462 Eleum
1225 3412 1348 3462 accirent

250 3480 427 3547 episcopum
447 3483 492 3550 qui
516 3498 576 3532 eum
596 3483 743 3532 declaravit
762 3481 954 3546 presbyterum.
980 3495 1033 3547 quo
1056 3491 1176 3546 ternpore
1198 3479 1346 3530 consilium

249 3547 284 3598 ab
302 3551 341 3598 cie
358 3561 453 3600 cusurn'
471 3559 512 3600 est
525 3551 631 3600 Arrenii
648 3550 869 3601 Menembasiatis
887 3551 1078 3616 metropolitae
1097 3548 1212 3602 creandi.
1247 3551 1346 3615 itaque

216 3669 220 3677 ,
249 3617 327 3667 illum
346 3617 439 3667 Eleum
462 3621 618 3686 episcopum
649 3621 784 3669 inlocum
804 3629 831 3670 et
859 3619 1017 3686 dignitatem
1037 3620 1202 3669 oecumenici
1219 3619 1347 3685 patriar·

249 3687 317 3738 chae
337 3687 523 3748 traduxerunt,
541 3687 609 3739 diros
628 3697 718 3738 autem
739 3687 892 3739 sacerdotes
906 3706 955 3756 pro
976 3687 1082 3738 duobus
1099 3689 1280 3756 metropolitis
1298 3705 1348 3746 re·

248 3763 387 3824 putarunt,
408 3772 462 3806 uno
482 3757 720 3819 Lacedaemoniae,
742 3759 827 3808 altero
849 3757 1106 3824 Christianopoleos.
1154 3758 1191 3808 ita
1208 3757 1261 3824 ipsi
1282 3757 1347 3808 sul-

249 3825 361 3890 lragium
381 3825 522 3888 inierunt,
550 3835 577 3877 et
596 3829 684 3879 minus
710 3829 735 3877 ei
757 3827 892 3878 dedorunt
919 3828 1067 3886 iudicium,
1085 3843 1117 3876 ac
1135 3834 1198 3894 post
1217 3842 1346 3893 vesperas

155 3940 158 3950 ,
247 3896 341 3944 nraius¹
379 3893 509 3962 postridie
536 3897 644 3963 liturgia
671 3897 806 3947 celebrata
834 3913 894 3946 etim
920 3895 1121 3947 Monembasiae
1146 3895 1347 3963 metrepoliters

249 3963 438 4014 renuntiarunt
455 3965 589 4033 sacrisque
609 3966 810 4035 pontificalibus
836 3965 993 4027 induerunt,
1014 3966 1133 4034 pretioso
1152 3981 1227 4016 sacco
1247 3973 1275 4014 et
1292 3981 1346 4016 eu·

248 4031 431 4100 perhnmerali
458 4041 487 4086 et
509 4035 614 4091 ceteris.
651 4053 667 4086 ο
694 4037 871 4106 iniquitatem
897 4044 989 4088 contra
1008 4034 1095 4103 leges!
1117 4052 1133 4086 ο
1152 4033 1345 4088 adulationem
