2954 4816
1081 251 1091 278 Ι

529 301 847 366 PATRIARCHlCA.
1170 297 1239 370 189

142 453 184 530 μὲ
208 450 370 534 φλαυρία.”
422 445 499 510 odai
529 443 605 510 odai
622 449 679 520 'ric
709 450 846 524 ἐκείνους
870 447 943 524 τους
976 439 1240 535 υἷρχῖερεῖςδαοῦ

142 551 271 612 πωλοῦν
292 545 350 628 τήν
370 542 467 625 χάριν
488 547 543 608 τοῦ
561 542 656 626 ’ἁγίου
679 546 855 626 πνεύματος
875 547 930 612 καί
949 550 1131 632 λαμβάνοιεν
1149 559 1240 640 quina-

142 651 207 730 ρία.
252 639 338 725 ὅμως
359 643 397 707 ati
416 641 560 724 ἔλθωμεν
580 646 624 718 είς
644 644 677 708 τὸ
699 650 909 728 προκείμενον.

285 809 617 872 ΜΗΤΡΟΦΑΝΗΣ
643 812 872 915 μητροαολίτης
895 814 1103 894 Καισαρείας.

118 975 133 1025 5
225 953 442 1040 Καθὴραντες
462 951 482 1038 ἦ
506 957 640 1030 σύνοδος
661 957 725 1020 τῶν
759 956 947 1041 α’ρχιερίανν,
977 957 1162 1038 ὥςείάαμε,
1187 961 1242 1025 εόν

141 1052 346 1138 πατριάρχην
367 1057 459 1138 κύριν
477 1056 635 1138 Ἰωάσαφ,
661 1053 825 1139 imitamur
838 1059 949 1120 τοῦτον
974 1055 1027 1120 τόν
1041 1061 1243 1139 Καισαρείας

144 1153 364 1236 natarumv-
408 1151 460 1216 καὶ
485 1153 643 1226 δαίσαντες
665 1155 764 1216 αὐτοῦ
785 1151 820 1216 tsi
841 1153 956 1236 μικρὸν
976 1154 1107 1236 μήνυμα
1129 1161 1184 1218 καί
1205 1153 1240 1220 τό

140 1254 232 1333 μέγα,
255 1248 347 1330 ἔλαβε
379 1249 433 1314 τόν
469 1247 698 1333 ααεριαρχικὸν
720 1247 839 1332 θρόνον.
896 1251 1004 1315 λοιπὸν
1026 1257 1108 1326 τινὲς
1129 1256 1242 1334 α’ρχιε.

139 1359 206 1434 ρεῖς
229 1348 281 1413 ε’νιί
299 1352 351 1430 τῆς
370 1353 600 1430 πανριαρχείας
619 1347 733 1412 τούτου
754 1352 807 1414 ὀὲν
826 1347 959 1430 ἐάερναν
982 1357 1107 1435 φλυαρία
1128 1351 1166 1414 να
1187 1349 1242 1416 κα’-

103 1469 132 1520 10
139 1471 223 1529 μαυν
245 1447 357 1526 ἱερεῖς·
415 1444 512 1526 μόνον
538 1446 572 1509 tri
602 1449 781 1524 ἑμβατίκιον
803 1451 860 1509 τοῦ
882 1447 1012 1532 ἔαερνε,
1036 1451 1124 1514 οὖσαν
1148 1445 1241 1533 ἤθελε

139 1546 196 1615 τὸν
219 1543 321 1626 ἐκείμη
343 1545 464 1630 ἱερέαν,
484 1547 613 1608 καὶτοῦ
634 1543 736 1608 driades
757 1547 915 1630 ἐκκλησία.
958 1552 1014 1610 καί
1032 1549 1187 1614 ἀκούσατε
1210 1552 1244 1612 τί

138 1645 294 1727 ε’μπατίκη
316 1642 451 1727 ἑάερναν
473 1646 553 1718 τινὲς
573 1641 743 1726 ἀρχιερεῖς.
793 1642 920 1720 ε”σονεας
946 1650 991 1721 εἰς
1017 1651 1076 1730 τὴν
1091 1671 1239 1731 χείρονα·

137 1749 212 1809 νίαν
234 1744 316 1806 (inuri
340 1746 392 1806 δὲν
409 1741 547 1824 1ἔαερναν
571 1742 698 1826 φλυαρία
708 1791 717 1822 ,
746 1742 800 1807 διὰ
822 1743 861 1807 ad
883 1750 983 1829 μηδὲν
1002 1751 1160 1827 παρέβουν
1184 1747 1301 1830 sirim

138 1842 304 1926 α’νιόφμονν
327 1845 389 1904 τῶν
412 1841 509 1926 θείων
541 1841 646 1920 νόμων
674 1845 728 1905 καί
750 1846 813 1904 ταῖν
835 1843 1030 1924 α’ρχιερὲανν,
1048 1845 1103 1907 καί
1124 1844 1177 1908 dui
1200 1844 1239 1908 ναὶ

100 1963 128 2013 15
137 1943 240 2024 μηδὲν
262 1943 475 2024 κατακριθοῦν
490 1943 531 2016 μὲ
552 1939 606 2004 τὸν
617 1939 723 2020 Σίμων
742 1938 796 2004 τὸν
810 1938 921 2023 μάγον,
934 1939 1067 2024 ἔπερναν
1081 1943 1115 2005 τὸ
1138 1947 1255 2026 ἐμβα.

135 2042 237 2104 τίκιον
258 2036 375 2118 tentia,
399 2041 453 2101 καί
478 2041 534 2102 tta·
551 2033 640 2120 εἶχαν
660 2044 777 2119 καμίαν
800 2043 913 2122 ζημίαν
934 2039 994 2102 ἀπὸ
1010 2039 1067 2123 τήν
1090 2067 1237 2123 πραγμα-

134 2144 207 2203 τεία
230 2139 316 2210 τούς·
357 2135 453 2219 μόνον
476 2140 667 2220 ε’ρχόντησαν
688 2137 781 2202 πάλιν
803 2139 848 2212 εἰς
868 2140 927 2222 τὴν
946 2141 1070 2224 πρώτην
1094 2139 1238 2204 ἀπόλαυ.

136 2263 191 2301 σιν
209 2242 263 2300 τοῦ
285 2241 433 2316 μαμωνᾶ.
457 2237 532 2298 odoi
552 2237 634 2298 odai.
679 2240 733 2301 ὃὲν
751 2240 880 2320 γελοῑται
902 2234 918 2300 o‘
940 2240 1024 2319 θεός,
1048 2241 1123 2303 addi
1145 2240 1240 2322 πρόσ-

139 2341 225 2399 maon
249 2335 381 2420 ἑβλέαη,
413 2333 482 2398 οὔτε
506 2339 663 2414 βασιλέως
684 2331 755 2400 οὔτε
783 2331 933 2418 ἄρχοντος
968 2333 1040 2401 οὔτε
1063 2336 1269 2422 ἀρχιερέως·

97 2430 213 2500 aeolis
234 2430 331 2498 ἄλλον
354 2434 457 2508 τινός·
482 2435 545 2516 α’μὴ
569 2439 626 2498 τοῦ
648 2439 720 2498 καθ’
742 2433 811 2510 ἑνὸς
832 2438 976 2500 α’πυὸίὸει
997 2438 1075 2502 κατὰ
1099 2437 1135 2501 τὰ
1161 2437 1237 2520 ἔργα

142 2538 242 2598 αὐτοῦ
264 2535 349 2598 aiecio
370 2533 445 2608 θεὸς
466 2534 593 2608 δίκαιος.

143 2744 216 2813 quod
234 2745 344 2810 gratiam
363 2743 407 2793 dei
429 2745 542 2812 peltastis
563 2743 619 2793 dari
646 2746 795 2812 pecuniis.''
831 2761 878 2794 vae
899 2760 946 2793 vae
973 2745 1030 2794 istis
1052 2743 1235 2811 pontificibus,

143 2815 204 2883 qui,
229 2831 299 2883 quae
327 2816 407 2881 gratis
437 2813 536 2864 dantur
560 2815 688 2880 aspiritu
708 2822 809 2880 sancto,
830 2815 951 2884 pecuniis
971 2813 1106 2870 rendunt.
1143 2832 1234 2866 verum

145 2884 178 2934 ad
198 2886 349 2936 institutam
369 2887 548 2934 narrationem
571 2885 719 2934 redeamus.
1224 2887 1229 2892 “

277 3019 370 3070 XXIV.
408 3019 434 3070 P.
452 3019 726 3082 METROPllANES,
752 3018 897 3070 Caesareae
915 3019 1099 3090 metropolita.

177 3138 326 3190 Eaturbato
348 3137 466 3188 adhunc
487 3155 567 3208 quem
588 3138 702 3189 diximus
718 3137 824 3189 modum
843 3139 1019 3207 patriarchica
1037 3138 1100 3190 sede
1119 3140 1146 3190 in
1165 3156 1234 3207 pou·

138 3209 238 3261 tilicum
261 3226 385 3260 consessu
406 3208 548 3278 loasapbo,
568 3210 699 3276 suffragiis
727 3209 873 3259 eorundem
887 3210 1045 3277 ‘designatus
1073 3217 1114 3260 est
1134 3209 1234 3261 Caesa·

139 3281 233 3330 riensis
253 3279 420 3348 patriarcha.
449 3280 629 3348 successitque
659 3281 832 3347 is,utraqua
853 3281 1046 3346 significatione
1076 3291 1184 3348 accepta
1202 3283 1234 3332 -in

138 3350 248 3401 sublimi
271 3351 379 3400 throno.
400 3357 518 3401 ceterum
538 3351 587 3400 sub
608 3350 687 3399 huius
705 3349 887 3417 patriarchatu
910 3351 1019 3400 suerunt
1036 3351 1143 3417 quidam
1165 3368 1234 3419 pon·

137 3421 234 3482 tifices,
257 3421 370 3488 quinon
385 3420 599 3488 accipiebautoh
614 3419 763 3470 sacerdotes
777 3419 906 3468 creandos
922 3422 1081 3486 pecuniam:
1103 3420 1149 3470 sed
1172 3430 1233 3471 tau-

137 3499 193 3541 tum
214 3491 386 3541 embaticiuns
407 3492 505 3559 aliquis
534 3490 680 3560 capiebat,
700 3489 810 3558 quaudo
834 3488 1001 3539 sacerdotem
1021 3491 1137 3558 aliquem
1159 3491 1233 3542 face.

138 3570 188 3622 ret,
210 3560 292 3610 dante
319 3562 348 3610 id
368 3563 490 3610 ecclesia.
538 3570 620 3629 atque
641 3561 810 3628 cognoscite,
832 3575 942 3628 quaeso,
961 3557 1097 3627 quodnam
1118 3561 1231 3610 ambati-

137 3633 208 3682 cium
227 3630 339 3699 quidam
359 3647 450 3680 eorum
472 3631 632 3698 acceperint.
670 3649 728 3680 curn
752 3632 780 3683 in
805 3631 861 3697 ipsa
884 3630 1054 3680 ordinatione
1075 3630 1164 3680 nullos
1186 3647 1231 3680 ca·

136 3709 234 3770 pereat
252 3718 383 3760 nummos,
401 3711 431 3752 ut
444 3719 478 3751 ne
496 3702 659 3752 sanctionem
679 3719 810 3752 sacrarum
826 3701 914 3766 legum
934 3709 960 3750 et
979 3701 1129 3770 aritistiturn
1143 3709 1231 3751 traus-

137 3771 225 3833 irent,
244 3787 297 3820 neu
328 3771 422 3821 eodem
454 3789 513 3820 cum
533 3773 643 3822 Simone
669 3788 747 3838 mago
772 3772 882 3822 crimine
911 3769 1168 3832 condemnarentur,
1188 3788 1231 3821 ca·

136 3842 250 3909 piebant
270 3842 369 3892 exinde
385 3841 497 3910 duplum
517 3842 697 3892 einbaticium.
735 3844 771 3891 ita
792 3858 807 3891 e
825 3842 873 3892 tali
887 3843 1084 3891 nundinatione
1102 3840 1171 3890 nihil
1192 3842 1231 3892 eis

137 3911 294 3971 decedebat,
317 3912 365 3963 sed
383 3911 417 3961 ad
437 3912 508 3962 idem
525 3910 663 3963 satiandae
682 3912 809 3962 avaritias
829 3912 1077 3980 suae'principium
1098 3911 1229 3962 redibant.

136 3999 184 4033 vae
201 3999 249 4034 vae
269 3982 333 4032 illis.
370 3999 426 4032 non
445 3983 548 4052 patitur
565 4000 593 4034 se
605 3981 710 4032 irrideri
730 3981 805 4043 deus,
824 3999 914 4051 neque
930 3983 956 4031 in
979 3997 1119 4049 personam
1139 3982 1230 4033 iutue-

137 4059 180 4103 tur
198 4069 248 4103 nec
277 4053 344 4120 regis
375 4069 425 4102 nec
446 4053 574 4122 principis
603 4069 653 4102 uec
672 4052 806 4120 pontilicis
833 4069 883 4102 nec
901 4053 1057 4120 cuiusquam
1077 4052 1163 4102 alius:
1182 4070 1229 4104 ve·

138 4125 326 4192 rumsingulis
345 4121 493 4174 secundum
522 4123 591 4175 sacta
612 4137 658 4172 sua
678 4122 788 4191 gratiam
808 4123 908 4185 refert,
928 4123 1030 4193 quippe
1050 4121 1116 4173 deus
1135 4123 1229 4175 iustus.
