2954 4816
499 291 817 362 PATRleCHlCA.
1133 295 1204 366 109
1271 325 1274 332 ’

108 449 169 513 ἀπὸ
192 445 268 520 τούς
294 438 454 534 Τεάρκους
477 446 545 505 ’κατ’
563 441 618 506 τὸν
639 439 778 525 ἔκοψαν,
801 440 876 531 ὅταν
896 443 949 508 τάν
968 447 1090 530 ἐπῆραν
1111 447 1207 512 σκλά-

107 555 162 630 βου
184 548 250 612 ἔδω
271 545 316 615 εἷς
335 541 760 623 τηνΚωνσταντινούπολιν.
815 543 979 627 ε’σρνήχθη
1004 549 1039 608 δὲ
1063 547 1137 627 περὶ
1154 550 1208 628 τῆς

106 645 255 727 τοιαύτης
274 637 463 722 κατηγορίας
478 635 610 712 ου’νοδος
624 637 745 725 μεγάλη
760 643 948 724 α’ρχιερέων,
962 651 1209 732 μητροπολιτων

108 736 369 826 α’ρχιεπισκόπων
403 737 457 800 καί
493 732 680 800 ἐπισκόπων.
731 743 786 802 καί
808 743 1047 814 καθίσαντιςὲν
1068 744 1112 829 τῷ
1132 741 1210 830 ιἐρηῖ

85 847 277 925 5κριτηρίῳ,
311 831 392 917 μετά
426 834 481 898 καί
500 835 561 897 τῶν
591 835 788 913 τιμιωτάτων
817 843 972 921 κληρωτῶν
994 843 1050 920 τῆς
1072 839 1209 922 μεγάλης
1283 911 1286 918 Δ

107 942 275 1022 ἐκκλησίας
310 937 514 1016 συνηγμένων
544 935 601 996 καί
631 937 695 996 τοῖν
717 932 945 1016 εὐγενεστάτων
975 937 1135 1020 ἀρχόντων
1154 937 1210 1002 καί

107 1037 224 1110 παντὸς
244 1037 304 1099 rori
335 1030 478 1114 πλήθους
508 1035 563 1095 τοῦ
585 1035 690 1096 κοινοῦ
714 1039 819 1103 λαοῦ·
875 1034 930 1098 καί
950 1034 992 1110 ὥς
1014 1034 1208 1120 ἑκάθισενῆ

108 1133 186 1221 ἱερά
202 1135 356 1210 σύνοδος,
384 1124 486 1213 η’λθαν
520 1126 700 1213 ἔμπροσθεν
732 1129 762 1196 οἱ
785 1130 907 1214 ἔλεγχοι
930 1135 1031 1198 ου’τοῦ
1061 1137 1121 1198 τοῦ
1147 1161 1209 1198 πα-

107 1235 276 1318 τριάρχου,
299 1229 329 1295 οἱ
352 1225 453 1292 ineius
473 1222 556 1312 η’σαν
582 1233 663 1304 τινὲς
686 1228 721 1294 ἐκ
749 1233 815 1294 τῶν
835 1235 894 1295 τοῦ
918 1230 1043 1316 κλήρου,
1067 1237 1120 1298 κατ’
1139 1232 1210 1298 ἔλε-

73 1347 167 1416 loyor
197 1335 256 1395 καί
282 1328 405 1410 ἑβάουνκ
426 1321 476 1412 ὅτι
511 1325 565 1390 vni
598 1329 726 1411 άληθῶς
759 1333 1019 1414 περιτετμημένος
1050 1330 1120 1396 ἔναι
1144 1333 1206 1396 α’πό

109 1432 183 1506 τούς
206 1430 376 1513 Τοάρκους.
429 1425 447 1488 ὁ
481 1429 516 1490 δὲ
538 1425 740 1511 πατριάρχης
770 1421 871 1506 ὄμνυε,
887 1429 969 1508 μετά
992 1433 1134 1514 φρικτῶν
1153 1427 1209 1514 δρ-

109 1555 171 1594 κων
196 1523 245 1592 ὅτι
276 1525 315 1592 τά
339 1521 406 1610 ὅσαι
431 1529 541 1606 λέγουν
577 1528 630 1590 etv
660 1522 742 1590 εἶναι
765 1524 926 1610 άληθινά·
983 1529 1080 1608 μόνον
1100 1528 1210 1594 αἰλικιά

112 1629 167 1690 κατ’
185 1629 383 1709 συκοφαντία
405 1621 483 1687 ἔναι.
541 1621 606 1705 άμη
634 1623 729 1688 αὐτοὶ
752 1627 813 1688 ’ὀὲν
836 1621 985 1708 ἔστεργον
1003 1625 1076 1699 τούς
1098 1621 1210 1710 ὅρκους

111 1719 229 1809 adreci·
272 1721 371 1803 μόνον
389 1727 620 1806 περισσοτέρως
641 1721 751 1804 ἑβόοον
774 1721 825 1786 ὅτι
847 1729 1108 1808 περιτετμημένος
1127 1724 1208 1790 ἕναι.

73 1822 269 1888 15άκοάοντιι
293 1823 329 1884 δὲ
360 1821 379 1904 ἦ
401 1821 532 1894 σύνοδος
557 1823 659 1884 ταῦτα
685 1818 869 1902 ἐθαύμαζε,
889 1825 942 1886 κατ’
959 1825 1039 1898 τινὲς
1060 1828 1119 1905 μὲν
1140 1829 1210 1888 ἕπε’-

111 1939 228 1986 στευαν
247 1921 339 1983 τοῦτο
364 1918 419 1982 ani
438 1921 519 1992 τινὲς
554 1921 607 1982 tte
634 1916 670 1982 τὸ
690 1919 866 1984 ἐπίστευον.
919 1919 936 1982 ὅ
960 1923 994 1984 δὲ
1015 1920 1211 2005 πατριάρχης

112 2019 282 2102 ἐβλέποντο
303 2018 379 2093 τούς
409 2020 558 2106 ἐλέγχους
578 2023 632 2082 καί
664 2017 803 2101 ε’χθροάς
825 2021 937 2099 ου’τοῦ,
959 2016 1006 2084 ὅτι
1029 2021 1145 2090 deleve
1167 2023 1207 2086 νά

111 2121 166 2185 τὸν
189 2117 462 2202 κατακυριεάσουν
495 2121 535 2198 μὲ
557 2117 594 2182 τά
616 2120 767 2200 ψέμιιτα,
788 2121 841 2182 tta
864 2113 931 2200 εἶχε
953 2120 1023 2183 τίνα
1045 2120 1129 2208 κάμη
1155 2121 1208 2186 deci

113 2221 149 2284 νά
173 2221 262 2305 φανῇ
283 2217 302 2302 ἦ
331 2215 468 2300 άληθεια
487 2221 543 2282 καί
566 2219 632 2292 παῖς
655 2211 870 2300 άάτοίλέγοον
891 2222 1033 2300 ψὲματα.
1057 2223 1089 2298 ἐξ
1111 2217 1209 2305 άνάγ.

76 2338 168 2404 οοκης
200 2323 256 2382 καί
275 2316 375 2396 νόμου
389 2317 560 2396 μετάθεσις
571 2317 698 2397 γίνεται.
723 2316 776 2379 καί
802 2313 880 2401 ἕιζη
891 2316 1035 2402 εὀηκιάθη
1048 2321 1103 2384 nni
1117 2321 1211 2383 ε’στα-

77 2411 82 2419 „
113 2418 244 2498 μάτισεν
268 2414 366 2498 ὀρθὸς
384 2420 467 2496 μέσα
488 2418 532 2488 εἰς
552 2417 610 2498 την
630 2419 721 2495 με’σιν
737 2417 794 2478 τοῦ
807 2417 948 2500 πλήθους
968 2420 1026 2479 τοῦ
1045 2419 1135 2496 λαοῦ,
1158 2421 1213 2482 καί

115 2515 253 2602 ἑσηκωσε
276 2525 347 2592 ταῖς
361 2508 473 2600 άκραις
486 2518 549 2579 ταῖν
563 2514 689 2600 ῥουχοόν
702 2515 804 2578 adteri
817 2512 897 2578 ὀποῦ
909 2513 1029 2601 ἐφόρεε,
1042 2519 1098 2581 καί
1114 2513 1212 2594 ἔδειξε

117 2799 299 2850 circumcisum
321 2814 336 2846 a
355 2797 459 2857 Turcis,
482 2795 565 2866 idque
584 2795 632 2846 illo
647 2804 769 2863 tempore
791 2811 844 2864 quo
856 2794 934 2862 Cpoli
953 2797 1086 2864 captivum
1106 2798 1133 2846 in
1153 2809 1211 2847 ser-

117 2872 229 2919 vitutem
251 2867 438 2918 abduxissent.
484 2875 628 2918 convocata
648 2867 715 2925 suit,
735 2865 815 2915 buius
832 2865 1025 2916 criminationis
1045 2883 1212 2932 cognoscen-

119 2940 167 2990 dae
187 2957 276 2998 causa,
295 2939 385 3005 ampla
417 2937 534 3002 synodus
558 2937 746 3007 frequentibus
777 2933 951 3004 pontificibus
970 2937 1150 3003 metropolitis
1169 2954 1212 2986 ar-

118 3009 298 3078 chiepiscopis
318 3018 345 3060 et
368 3009 507 3076 episcopis.
545 3011 590 3075 qui
614 3025 672 3056 curn
702 3008 729 3056 in
748 3007 774 3058 S.
794 3006 894 3056 iudicio
914 3006 1107 3069 consedissent,
1129 3005 1213 3058 advo·

119 3082 183 3132 catis
205 3097 316 3149 quoque¹
335 3078 536 3130 venerabilibus
550 3093 662 3142 magnae
684 3078 813 3126 ecclesiae
833 3077 945 3138 clericis,
965 3079 1131 3144 congregatis
1147 3079 1212 3130 item

118 3151 286 3220 principibus
307 3149 340 3198 de
360 3149 505 3200 nobilitate
524 3149 587 3198 viris
607 3166 637 3197 ac
656 3155 713 3198 tota
731 3149 826 3216 populi
847 3147 1032 3210 multitudine,
1054 3149 1213 3200 considente

118 3225 167 3272 iarn
189 3223 214 3272 S.
236 3219 338 3286 synodo
358 3219 567 3288 progrediuntur
591 3221 620 3268 in
638 3217 755 3267 medium
783 3227 949 3271 accusatores
970 3221 1148 3288 patriarchae,
1166 3221 1214 3289 qui

119 3301 194 3342 eraut
221 3309 254 3341 es
275 3285 536 3340 clericorurn'coetu.
574 3298 743 3352 asseverant,
774 3305 824 3338 nec
842 3290 899 3340 sine
926 3289 1042 3340 clamore
1064 3307 1095 3340 ac
1113 3292 1215 3342 maiore

117 3363 189 3413 vocis
212 3361 404 3421 contentione,
426 3377 454 3410 se
473 3377 534 3410 vere
551 3359 602 3411 boc
623 3360 731 3419 dicere,
755 3357 932 3427 patriarcham
952 3376 967 3408 a
986 3360 1080 3410 Turcis
1099 3363 1214 3412 circum-

119 3435 201 3484 cisum
213 3449 290 3481 esse.
327 3429 478 3500 patriarcha
492 3439 585 3480 contra
604 3430 770 3480 severissime
788 3429 885 3489 iurare,
904 3446 936 3478 ea
956 3446 1026 3496 quae
1048 3431 1100 3498 ipsi
1120 3429 1211 3482 dicant

119 3519 292 3572 nequaquam
313 3519 370 3552 esse
389 3518 459 3559 vera,
478 3497 525 3550 sed
543 3501 744 3568 iniquissimum
770 3507 798 3549 et
817 3498 1078 3568 impudentissimum
1096 3501 1210 3550 menda-

119 3575 198 3624 cium.
245 3573 287 3622 illi
317 3589 378 3622 vero
397 3571 468 3622 nibil
486 3573 539 3622 loci
565 3570 749 3620 iuriiurando
778 3569 835 3618 eius
858 3569 1019 3638 relinquere,
1041 3569 1087 3620 sed
1105 3577 1210 3620 tanturn

119 3646 219 3694 maiore
239 3644 431 3700 succinctam,
451 3651 479 3691 et
503 3641 681 3693 contendere,
696 3640 877 3690 circumcisum
896 3656 962 3690 esse.
1009 3647 1096 3708 patres
1117 3649 1144 3693 et
1164 3641 1211 3708 qui
1233 3657 1238 3668 ·

120 3716 236 3767 concilio
253 3713 384 3773 aderant,
408 3713 574 3762 mirabantur
599 3711 845 3772 baccaudientes,
866 3707 1027 3780 quibusdam
1047 3712 1146 3761 crimen
1164 3728 1212 3761 ve-

120 3801 175 3835 rum
201 3801 260 3834 esse
279 3783 470 3845 credentibus,
500 3784 561 3833 aliis
580 3791 669 3832 autem
696 3782 775 3830 fidem
800 3780 1000 3848 derogantibus.
1039 3781 1212 3850 quamobrem

121 3853 289 3922 patriarcba,
308 3871 419 3905 cernens
445 3854 496 3903 vim
519 3861 546 3903 et
565 3853 760 3904 vehementiam
787 3852 995 3902 adversariorum
1023 3869 1146 3914 snorum;
1167 3867 1213 3902 eos

121 3925 171 3976 hoc
190 3926 278 3975 solum
307 3940 403 3991 agere,
433 3923 568 3993 quomodo
588 3923 762 3992 putidissimis
790 3923 878 3990 ipsum
896 3923 1042 3973 mendaciis
1062 3921 1213 3990 persuade-

122 4006 199 4061 τεοῖς
228 4012 283 4065 quo
312 4011 339 4044 se
357 4003 474 4046 verteret
502 4011 557 4045 non
585 3993 720 4053 babebat,
750 3993 890 4046 utveritas
911 3989 939 4043 in
957 3995 1045 4042 lucem
1064 3993 1167 4042 veniret
1186 4000 1214 4044 et

124 4067 241 4134 ipsorum
270 4067 403 4114 calumnia
427 4066 577 4131 patefieret.
622 4065 686 4134 quia
711 4079 773 4128 ergo
801 4063 973 4132 pernegando
1001 4072 1027 4113 et
1046 4064 1213 4124 sanctissime

125 4137 236 4190 iurando
265 4137 336 4188 nibil
360 4135 538 4206 proficiebat,
564 4151 596 4186 ex
622 4136 779 4186 necessitate
812 4133 846 4190 acl
867 4133 1016 4186 remedium
1033 4133 1137 4202 legibus
1157 4151 1213 4185 non
