2954 4816
507 275 826 344 etruttncflrct.
1142 271 1212 342 105
1271 317 1275 331 ·

112 423 281 506 α’ρχιερεῖς
312 425 367 490 κατ’
396 423 518 505 ἔκαμον
546 423 621 500 rade
647 425 778 508 ψήφους
808 427 866 490 τοῦ
895 425 996 489 adrani
1027 429 1130 506 κοροῠ
1151 429 1215 490 Σο-

112 519 203 598 μειόν
226 525 284 584 τοῦ
308 523 566 612 ,Τραπεζοντιόω
597 527 652 586 καί
670 524 749 601 μετὰ
775 526 850 598 τοὺς
880 521 1011 606 uq'povc
1032 520 1154 586 ἔδωκαν
1175 522 1213 586 τὰ

113 618 174 680 δύο
195 619 387 702 μηνόματα,
409 618 445 684 τό
475 619 589 703 μικρόν
612 625 667 684 κατ’
685 619 718 686 τό
743 625 842 704 μέγα,
863 625 919 685 καί
940 619 998 705 τὴν
1016 626 1217 702 χειροτονίαν

113 714 250 795 ἔκαμον,
271 718 504 801 χειροτονηθείς
518 717 607 798 παρὰ
626 723 684 783 τοῦ
700 719 901 802 Ἡρακλείας,
920 720 974 782 καί
985 719 1029 792 εἰς
1052 716 1107 782 τόν
1129 718 1275 801 cipp-126

89 810 251 878 5λότατον
291 815 521 899 πατριαρχικόν
554 815 669 900 θρόνον
695 815 749 882 τόν
769 819 936 897 α’νέβασαν.
978 814 1030 882 τὸν
1051 820 1086 880 δὲ
1107 816 1216 900 πριόρν

94 911 337 996 ,πατριάρχηη
370 914 462 996 κόριν
487 911 650 997 Μάρκον,
676 916 732 982 τόν
759 911 1002 997 όναθεμιὶτιζον
1026 914 1055 978 οἱ
1076 914 1219 999 κληρικοὶ

112 1011 294 1074 accinctior*
306 1015 412 1075 ἑκτοιῖ
423 1017 514 1092 λαοῦ,
537 1016 592 1078 καί
610 1012 767 1096 ἔρρυκταν
781 1019 909 1093 πέτραις
924 1011 985 1076 α’πό
1001 1018 1055 1096 τῆς
1067 1011 1217 1098 στρόταις

112 1105 240 1170 audoino
258 1107 334 1186 τοός
351 1111 484 1195 φόρους,
508 1115 563 1176 κατ’
576 1111 713 1193 ἔκαμναν
729 1111 904 1192 κοομοόλιο
924 1116 964 1190 μὲ
986 1122 1056 1186 ταῖς
1077 1116 1218 1193 πέτραις,

112 1209 398 1288 α’ναθεματιζοντες
413 1209 511 1276 αὐτόν
522 1211 564 1301 ιᾷς
578 1208 627 1274 ότι
642 1209 736 1292 ἔβαλε
751 1211 849 1293 κακὴν
865 1212 963 1294 νομὴν
978 1214 1023 1286 εἰς
1035 1210 1094 1293 τὴν
1109 1213 1217 1292 ἐκκλη.

77 1311 200 1370 tonitru.
231 1313 286 1370 κατ’
308 1308 414 1387 αδτός,
435 1308 478 1382 ιδς
500 1308 642 1391 εἴπαμεν,
662 1311 782 1393 εἴδησιν
804 1314 922 1390 καμιάν
944 1312 997 1374 δὸν
1012 1305 1133 1393 ἤξιορε.
1151 1313 1216 1370 λοι.

114 1404 172 1468 τιὸν
203 1401 338 1489 δὲνεῖχε
361 1409 393 1470 τό
413 1407 450 1470 ντὶ
472 1406 556 1496 κόμῃ
579 1406 594 1470 ό
619 1408 769 1486 ἐλεεινός·
808 1409 906 1488 μόνον
930 1411 1133 1488 ἐκαθέζετον,
1162 1411 1218 1472 κατ’

115 1506 279 1585 ἐκαρτὲριε
307 1503 382 1568 πότε
409 1508 445 1570 νδ
468 1511 551 1590 γένει
579 1508 730 1588 σύνοδος,
750 1507 788 1572 νό
813 1513 911 1596 κριθῇ
931 1508 948 1592 ἦ
968 1507 1086 1590 μεγάλη
1108 1505 1217 1570 α’δικδα

115 1601 197 1664 ὀποῦ
217 1601 317 1685 ἔγινεν
341 1607 387 1679 εἰς
407 1604 513 1676 αὐτόν.
566 1609 622 1672 καί
644 1611 697 1672 δὲν
717 1607 836 1672 ἔπαυσε
860 1609 897 1672 ιὰ
919 1611 1019 1692 μηδὲν
1038 1607 1155 1691 γράφει
1172 1607 1217 1678 εἷς

116 1699 191 1776 τοός
215 1705 375 1786 α’ρχιερεΐς
396 1711 470 1787 περι1
489 1711 544 1790 τῆς
567 1706 747 1780 ὑποθέσεως
766 1706 822 1770 κατ’
842 1707 1055 1790 συκοφαντίας
1076 1704 1185 1768 adrani.

79 1801 109 1854 ¹5
197 1799 398 1882 Περάσαντικ
412 1804 451 1886 δὴ
468 1804 598 1886 μιρικός
613 1803 723 1888 καιρός
737 1804 960 1889 ἑσονόχθρσαν
977 1802 1089 1866 πολλοὶ
1108 1803 1220 1884 α’ρχιτ-

118 1905 205 1983 ρεῖς,
232 1908 459 1985 μητροπολῖται
480 1907 536 1967 κατ’
563 1906 744 1987 ἐπίσκοποι,
766 1903 820 1966 κατ’
841 1901 923 1984 ε”γινε
945 1903 1075 1976 σύνοδος
1097 1901 1218 1986 μεγάλη

118 1996 173 2061 διό
190 1997 229 2062 νό
253 1997 418 2076 ἐξετάξανν
429 1999 516 2076 τινός
527 1998 696 2074 ὑποθέσεις
712 2001 980 2084 ε’κκλησιαστικός.
1001 2000 1069 2065 ἐκεῖ
1078 1995 1135 2064 oda
1154 2003 1220 2064 ἑνε.

119 2102 264 2182 φανίσδη
287 2093 303 2159 ό
325 2098 424 2174 αδιός
445 2099 555 2184 πριόην
575 2103 796 2184 πατριάρχης,
816 2100 906 2182 κόρος
929 2102 1078 2184 Μάρκος,
1098 2102 1219 2181 βοαῖντα

119 2193 171 2260 ότι
194 2197 313 2271 α’διδιως
333 2202 388 2262 καί
418 2199 607 2282 παραλόγως
627 2199 682 2264 τόν
701 2193 841 2282 εόγαλαν
862 2198 924 2264 α’πό
946 2202 1003 2264 τοῦ
1023 2223 1216 2283 πατριαρχι.

78 2299 175 2362 20κοῦ
197 2295 341 2378 θρόνον·
362 2300 417 2361 καί
434 2301 553 2381 ἐγένετο
572 2298 694 2384 μεγάλη
718 2302 870 2381 σύγχυσις
892 2299 946 2363 καί
966 2301 1124 2365 σκάνδαλα
1145 2297 1220 2376 περὶ

70 2419 75 2426 “
118 2396 241 2462 τούτου.
284 2399 352 2460 ἐκεῖ
368 2401 403 2462 δὲ
424 2399 458 2462 ἐν
486 2401 523 2484 τῇ
552 2396 676 2487 συνόδῳ
693 2403 754 2464 τῶν
777 2399 952 2482 ἀρχιερέων
972 2392 1047 2482 ἦτον
1066 2403 1138 2474 ἓνας
1161 2397 1215 2460 cin?

120 2494 241 2571 αδτοός
262 2499 317 2560 καί
345 2491 361 2558 ὁ
397 2497 697 2582 Φιλιπποοπδλεως,
726 2497 817 2581 κδρις
842 2498 1026 2573 Διονύσιος·
1069 2497 1217 2570 όδποῖος

121 2747 223 2798 tionem
244 2747 278 2797 de
298 2747 435 2816 praedicto
446 2750 628 2819 Trapezuntio
639 2751 771 2819 Symeone
790 2752 920 2804 tuterunt.
942 2766 996 2821 qna
1018 2750 1094 2801 tinita
1112 2755 1217 2800 utram-

124 2834 176 2886 que
196 2819 222 2868 ei
242 2819 467 2884 significationem
483 2823 613 2887 iecerunt,
631 2826 759 2876 minorem
777 2831 805 2874 et
821 2824 956 2873 maiorem.
993 2821 1057 2870 inde
1071 2821 1105 2871 ad
1124 2821 1218 2870 decta-

122 2889 254 2938 rationem
277 2890 333 2939 eius
353 2889 488 2958 progressi
516 2901 592 2954 crint,
620 2888 792 2944 renuntiante
814 2894 900 2962 ipsum
922 2892 1095 2942 Heracleensi
1114 2898 1216 2940 metro-

122 2959 218 3027 polita,
237 2966 265 3008 et
283 2959 310 3008 in
328 2961 437 3011 sublimi
456 2961 634 3030 patriarchico
656 2972 781 3030 suggesto
807 2964 984 3015 collocarunt.
1020 2969 1216 3012 antecessorem

122 3045 184 3078 vero
207 3029 265 3079 eius
284 3029 402 3081 Marcum
426 3031 551 3084 detestati
573 3043 634 3084 scint
653 3052 708 3086 uon
725 3035 775 3102 ipsi
796 3033 876 3084 modo
898 3033 998 3093 clerici,
1017 3032 1162 3084 sedetiam
1182 3029 1217 3080 do
1251 3086 1262 3096 ἱ

126 3099 215 3167 plebe·
230 3100 325 3165 multi;
345 3118 460 3171 eumque
479 3103 615 3172 lapidibus
635 3105 802 3156 incesserunt
821 3114 877 3156 tum
907 3105 935 3156 in
952 3104 1002 3154 viis
1023 3111 1079 3154 tum
1100 3103 1129 3152 in
1147 3119 1217 3170 quo-

123 3169 160 3218 vis
184 3169 262 3234 sor03
281 3173 448 3241 cumulisque
469 3190 592 3224 saxorum
612 3175 640 3224 in
668 3176 774 3224 titulum
794 3175 926 3242 congestis
947 3174 1117 3225 anathemate
1140 3171 1218 3222 dete·

123 3238 250 3289 stabilem
271 3239 359 3290 fecere
379 3250 506 3312 tanquam
520 3245 629 3312 pessimi
650 3246 676 3296 in
697 3247 834 3296 ecclesiam
856 3243 1002 3296 introducti
1024 3245 1103 3294 moris
1123 3251 1218 3294 aucto·

126 3327 196 3371 rem,
216 3327 276 3358 cum
294 3318 399 3372 tamen,
420 3313 647 3381 quemadmodum
665 3315 780 3377 dictum,
804 3317 887 3365 totius
906 3317 963 3382 ipse
983 3315 1020 3364 rei
1044 3316 1152 3378 ignarus
1172 3331 1217 3363 es·
1295 3325 1305 3332 ‘

124 3388 171 3433 set.
194 3379 265 3430 nihii
285 3397 347 3448 ergo
366 3382 399 3432 ab
419 3399 452 3432 eo
469 3391 591 3452 tempore
611 3387 691 3435 miser
708 3402 785 3451 agere
804 3384 931 3444 babebat,
951 3383 996 3434 sed
1019 3386 1156 3452 patienter
1177 3399 1219 3433 se-

124 3449 189 3500 dens
209 3452 378 3518 expectabat,
408 3453 430 3503 si
451 3455 558 3522 quando
579 3455 697 3521 synodus
723 3462 879 3522 cogeretur,
903 3455 931 3503 in
957 3471 1010 3522 qua
1031 3470 1125 3503 caricae
1144 3470 1218 3514 suae,
1279 3474 1286 3480 ·

124 3537 226 3570 summa
257 3521 354 3572 iniuria
381 3525 484 3586 affecti,
510 3525 629 3590 cognitio
659 3535 687 3578 et
714 3524 873 3577 diiudicatio
900 3524 985 3574 fieret.
1028 3539 1079 3574 nec
1098 3523 1219 3590 requiem

125 3589 280 3712 sibibdabtat
308 3594 375 3662 quin
400 3593 435 3644 ad
463 3596 606 3663 pontifices
632 3595 666 3646 de
694 3597 845 3659 calumnia,
871 3610 924 3664 qua
953 3609 1095 3664 oppressus
1121 3593 1219 3654 suerat,

125 3678 174 3710 scri
197 3678 241 3711 ere
257 3683 276 3710 .-
983 3687 986 3704 ¹

194 3749 259 3797 Post
278 3747 392 3816 aliquod
418 3751 510 3820 itaque
529 3753 701 3803 intervallum
722 3752 866 3820 temporis,
885 3749 1108 3802 convenientibus
1126 3748 1218 3798 multis

124 3816 294 3886 principibus
314 3820 498 3884 sacerdotum,
528 3824 709 3890 metropolitis
734 3831 762 3873 et
780 3822 934 3891 episcopis,
952 3822 1022 3871 facta
1044 3829 1085 3871 est
1101 3817 1218 3884 synodus

126 3887 254 3956 frequens
276 3889 311 3937 ob
330 3890 458 3956 quasdam
479 3893 673 3947 ecclesiasticas
697 3894 892 3944 controversias
923 3899 950 3941 et
968 3909 1009 3941 res
1029 3888 1219 3940 exaruiuandas

127 3973 156 4007 ac
175 3958 366 4009 discutiendas.
387 3961 425 4012 ibi
445 3964 572 4031 apparuit
590 3972 618 4014 et
635 3965 708 4032 prior
727 3963 877 4030 patriarche
897 3963 1012 4022 Marcus,
1032 3977 1060 4011 se
1080 3961 1173 4028 inique
1192 3967 1220 4010 et

128 4036 234 4094 praeter
254 4029 383 4080 rationem
410 4033 589 4101 patriarchico
611 4033 708 4084 throno
728 4032 863 4084 deiectum
884 4032 1031 4083 clamitans.
1070 4029 1142 4082 trude
1162 4046 1219 4080 ma·
1258 4073 1275 4092 ,

129 4114 180 4164 gua
201 4099 370 4167 perturbatio
396 4111 424 4156 et
450 4103 561 4156 odiosae
589 4104 776 4156 contentiones
794 4105 954 4157 extiterunt.
999 4099 1092 4153 aderat
1115 4109 1171 4152 tum
1191 4100 1220 4152 iu

361 4303 390 4316 sd
