2954 4816
501 273 820 340 PllTlllllllCHlCA.
983 313 986 320 ,
1138 269 1205 340 191

108 427 146 492 νά
172 429 319 502 ε’κλὲξοον
349 420 563 506 πατριάρχην,
583 425 751 503 πρόσωπον
774 426 828 486 καί
844 417 930 500 άξιον
952 427 1010 486 τοῦ
1032 429 1210 504 ποιμαίνειν

63 560 69 576 =
106 534 160 612 τίγν
180 528 351 610 ε’κκλησίαν
380 527 437 586 τοῦ
464 524 613 604 Χριστοῦ
641 522 747 602 ὀρθῶς
779 527 833 588 καί
862 526 1013 615 δικαίως,
1042 522 1084 598 οἷς
1105 522 1209 602 είκόνα

106 629 254 709 ἔμψυχος
286 623 399 686 αὐτοῦ.
453 625 509 684 καί
546 617 720 704 ὁμοφώνως
749 621 876 700 ἔκλεξαν
896 617 951 686 καί
971 623 1135 707 εἰγηιμπαν
1156 621 1209 686 τόν

90 722 343 818 Ιιαανιεριότατον
364 724 419 783 καί
439 719 651 801 θεοκάσμητον
671 725 1091 806 μητροπολίτηνΛαριίνσης,
1118 721 1208 802 κόριν

82 819 277 907 5Ἶερεμίαν,
298 821 470 901 α’ρχιερέαν
492 819 629 898 δίκαιον,
660 816 841 902 άμεμπτον,
873 819 1025 902 άληθινόν
1042 817 1206 902 θεοσιβὴν,
1218 830 1266 882 177

42 938 49 947 “
107 920 277 1004 ἐλεήμονα,
299 917 407 1000 ὅσιον,
437 912 554 980 άκακον
578 919 631 978 καί
652 917 816 996 άμίαντον.
858 924 913 984 καί
934 918 1015 1001 ital,
1037 919 1207 1002 ἐπληρώθη

106 1022 141 1085 τὸ
168 1019 264 1105 ῥητὸν
295 1021 350 1082 τοῦ
371 1019 461 1080 θείου
491 1017 650 1099 Παύλου,
683 1014 763 1078 inari
793 1015 911 1103 γράφει
942 1017 1018 1100 πρὸς
1042 1019 1208 1098 Ἑβραίους

107 1111 282 1204 (ια’ὃελφοί,
309 1119 447 1188 τοιοῦτος
480 1111 554 1196 ἡμῖν
588 1110 721 1194 ἔπρεπεν
748 1113 939 1196 α’ρχιερεός”
967 1115 1022 1178 καί
1052 1115 1090 1178 τά
1104 1114 1206 1197 Δἑξῆς·

112 1217 235 1282 ἔδωκαν
259 1220 293 1281 tt
316 1216 417 1279 αὐτοῦ
437 1214 471 1276 τό
494 1210 610 1294 μικράν
630 1210 770 1294 μηνομα.

71 1436 100 1488 10
321 1413 549 1476 IEPEMIAE
566 1413 797 1492 μητροπολίτης
821 1417 998 1493 Λαρίσσης.
1078 1462 1082 1476 r

184 1558 267 1655 Ὥρα
278 1552 312 1630 δὲ
327 1569 383 1630 τοῦ
395 1559 563 1648 ἑσπερινοῦ
575 1559 872 1650 ἔκαμανεόλογητόν
885 1565 961 1629 κατά
973 1566 1029 1650 την
1042 1569 1139 1646 τάξιν,
1153 1567 1217 1636 καί,

109 1669 215 1751 α’ργοῖς
227 1665 283 1729 καί
292 1663 372 1744 μετά
386 1669 502 1743 μέλους
514 1663 653 1744 ἔψαλλον
672 1663 723 1727 τὸν
738 1661 910 1746 ἑσπερινόν,
930 1671 1131 1749 συνηγμένων
1145 1669 1206 1729 τῶν

106 1765 356 1847 πανιερωτάτων
384 1767 632 1847 μητροπολιτοῖν,
654 1767 716 1826 τοῖν
737 1764 993 1846 θεοφιλεστάτων
1016 1764 1204 1844 ἐπισκόπων,

101 1871 167 1936 τῶν
192 1863 390 1940 τιμιωτάτων
418 1866 587 1944 κληρικῶν,
622 1867 685 1926 τῶν
705 1861 933 1943 εὐγενεστάτων
958 1863 1122 1944 ἀρχόντων
1151 1867 1205 1946 τῆς

50 1964 197 2038 „tonsilis
219 1967 274 2026 καί
293 1967 351 2026 τοῦ
377 1965 408 2026 Γ
406 1967 508 2026 αλοτά
520 2011 529 2040 ,
550 1967 605 2026 καί
639 1962 755 2035 παντὸς
778 1966 834 2025 τοῦ
855 1964 1090 2044 Χριστωνάμοο
1114 1969 1203 2026 λαοῦ.

106 2064 162 2128 καί
183 2059 336 2144 ἑβάστουν
356 2055 422 2124 ὅλοι
443 2063 612 2141 λαμπάδας
635 2063 792 2140 α’ναμὲνας
816 2059 870 2124 ἐπί
887 2069 1008 2142 χεῖρας.
1051 2065 1108 2125 καί
1123 2062 1203 2141 μετά

104 2161 160 2245 τὴν
184 2163 345 2224 τελείωσιν
375 2163 430 2222 τοῦ
456 2155 624 2238 ἓσπερινοῦ
653 2157 670 2221 ὅ
696 2158 882 2238 τιμιώτατος
911 2163 1010 2243 με’γας
1046 2163 1204 2240 οἰκονόμος

25 2249 30 2260 ’
104 2266 161 2344 τῆς
182 2260 320 2341 μεγάλης
348 2262 527 2342 ἐκκλησίας,
558 2257 574 2322 ὅ
609 2260 642 2322 ἐν
661 2255 783 2340 ἱερεῦσι
815 2259 1140 2341 κάριςἈναστάσιος,
1161 2261 1204 2334 ὥς

105 2362 238 2440 πρῶτος·
253 2360 314 2421 τῶν
338 2361 502 2441 κληρικαῖν,
529 2355 714 2439 ε’στάθηέἰς
745 2355 780 2418 τά
803 2363 900 2435 μέσον
923 2361 978 2441 τῆς
996 2360 1131 2442 μεγάλης
1151 2363 1205 2424 ἐκ-

64 2459 251 2540 νοκλησίας,
273 2457 328 2518 καί
348 2459 525 2540 ἐξεφώνησε
553 2454 785 2540 μεγαλοφώνους
817 2456 851 2518 τό
874 2461 954 2537 με’γα
976 2453 1104 2538 μηνομα
1125 2455 1205 2540 πρός

105 2558 165 2620 τὸν
191 2552 280 2636 άγιον
313 2557 364 2618 τὸν
387 2559 572 2637 Λαρίσσης,
607 2555 662 2618 τὸν
684 2550 809 2620 άνωθεν
838 2554 1036 2640 άποιμηφιον,
1061 2555 1076 2617 ὁ
1099 2553 1204 2630 ὁποῖος

107 2829 225 2895 dignum
246 2825 291 2893 qui
313 2831 434 2892 pasceret
462 2823 600 2872 ecclesiam
620 2820 718 2873 Christi
744 2831 816 2872 recte
845 2831 872 2872 et
890 2823 980 2885 iuste,
999 2831 1126 2892 tanquam
1146 2825 1205 2874 riva

107 2901 197 2968 ipsius
219 2898 315 2962 imago.
351 2894 582 2944 consentientibus
604 2893 684 2958 igitur
705 2894 835 2958 suffragiis
855 2894 978 2960 legerunt
997 2896 1202 2944 sacratissimum

107 2980 136 3020 et
156 2969 257 3018 divinis
286 2964 395 3015 dotibus
428 2971 583 3013 exornatum
603 2964 802 3031 metropolitam
832 2965 963 3024 Larissae,
985 2964 1015 3013 D.
1034 2965 1206 3028 Hieremiam,

106 3038 269 3108 pontificem
290 3037 398 3096 iustum,
416 3035 486 3084 vitae
505 3034 668 3100 inculpatae,
686 3051 787 3096 verum,
814 3035 898 3102 pium,
918 3035 1129 3095 misericordem.
1145 3052 1207 3085 san-

86 3119 194 3169 atum,
215 3109 396 3166 innocentem,
417 3104 486 3153 labis
505 3112 651 3170 expertein.
673 3113 703 3154 ut
723 3105 773 3153 iam
792 3105 890 3156 facturn
911 3106 946 3155 sit
964 3104 992 3156 id
1012 3106 1085 3174 qarod
1096 3107 1126 3154 D.
1141 3108 1208 3156 Pau-

106 3182 153 3231 lus
178 3177 214 3227 acl
234 3177 370 3227 Hebraeos
390 3175 492 3232 scribit,
511 3175 635 3232 “fratres
653 3175 714 3224 talis
728 3193 777 3226 nos
796 3175 910 3226 decebat
922 3177 1070 3244 pontifex‚’'
1091 3185 1118 3228 et
1136 3195 1206 3247 quaa

107 3257 274 3321 sequuntur.
312 3255 377 3298 tunc
393 3245 528 3295 dederunt
546 3245 571 3294 ei
592 3243 721 3295 indicium
741 3246 889 3296 voluntatis
908 3263 972 3297 suae
992 3249 1087 3300 suiuus.

314 3407 392 3459 XXV.
431 3409 457 3458 Ρ.
480 3406 663 3457 HlEREerlS
686 3406 859 3474 metropolita
880 3407 1008 3458 Larissae.

137 3579 150 3602 ·
175 3563 256 3622 xHola
276 3560 383 3611 deinde'
396 3563 547 3629 vespertina
571 3559 789 3611 benedictionem
807 3575 840 3608 ex
861 3559 913 3609 ritu
933 3567 961 3609 et
979 3576 1052 3608 more
1071 3561 1208 3624 obierunt,

105 3644 196 3704 atque
217 3633 338 3698 graviter.
350 3640 376 3681 et
395 3631 526 3680 concinne
545 3631 701 3680 cecinerunt
728 3631 927 3696 vespertinam,
948 3639 1107 3698 congregato
1129 3640 1206 3682 coetu

105 3703 351 3757 sacratissimorum
363 3701 606 3768 metropolitarum,
621 3700 855 3750 devotissimorum
875 3700 926 3750 <leo
943 3701 1137 3768 episcoporum,
1156 3701 1208 3754 ho-

104 3773 345 3826 noratissimorum
375 3771 531 3821 clericorum
561 3779 589 3820 et
606 3770 836 3820 nobilissimorum
862 3770 936 3820 urbis
958 3772 1124 3840 Galataeque
1146 3789 1207 3838 pro.

104 3861 222 3905 cerum,
247 3843 333 3907 oannis
364 3843 483 3910 (lenique
511 3841 609 3891 Christi
642 3857 740 3891 nomen
760 3843 877 3906 gerentis
912 3844 1023 3910 populi3
1052 3843 1208 3909 gestabant-

105 3934 164 3986 que
191 3907 318 3964 manibus
349 3913 455 3979 singulo
482 3929 573 3962 cereos
593 3927 727 3960 accensos.
767 3913 920 3978 vespertino
941 3914 1064 3963 absoluto
1084 3930 1207 3964 reveren·

105 3987 158 4038 dus
195 4001 307 4051 maguae
336 3984 465 4034 eeclesiae
502 3999 611 4048 magnus
652 3983 1059 4042 oeconomus,esacer‹lotum
1091 3984 1206 4050 collegio

105 4057 289 4117 Anastasius,
309 4055 399 4112 stetit,
418 4062 449 4103 ut
467 4053 592 4122 princeps
611 4052 786 4111 clericorum,
817 4053 843 4102 in
863 4053 952 4103 medio
987 4071 1098 4120 maguae
1117 4055 1208 4105 eccle·

105 4132 166 4180 siae
196 4135 225 4177 et
250 4141 345 4192 inagna
372 4141 436 4175 voce
460 4125 645 4192 pronuntiavit
670 4137 795 4189 magnum
814 4123 957 4185 indicium,
986 4124 1054 4175 facie
1081 4124 1115 4174 ad
1144 4141 1207 4176 san-
