2954 4816
258 209 319 319 ον
363 276 374 296 ⁴
436 246 437 250 ‘
714 247 908 316 nssnonss

269 399 367 486 γῦλης
385 401 442 468 τοῦ
462 402 572 485 Ἰησοῦ.
622 397 678 464 ναὶ
698 393 746 464 ὅτι
768 403 871 466 πᾶσαι
890 389 987 463 uisas
1009 393 1044 460 oi
1061 393 1256 482 προφητεῖαι
1280 387 1372 481 η’σαν

270 498 526 586 α’παράγραπτοι,
546 497 660 584 ἔχομεν
684 502 798 578 δεῖξαι.
1458 495 1459 506 ’

355 597 401 670 ιε’.
436 595 505 666 Ὅτι
521 597 554 666 αἱ
576 603 702 685 γραφαὶ
720 600 821 664 παῖσαι
838 599 892 684 τῆς
908 600 1040 670 πίστεως
1060 593 1149 681 ἧμιῦν
1169 596 1373 682 σνμρωνσῦ.

182 737 201 756 ι,
270 723 322 764 σιν
345 703 379 764 ἐν
396 702 486 776 πᾶσι,
508 695 589 764 διότι
613 691 700 782 εἶχον
714 695 744 762 οἱ
764 699 941 782 γράψαντες
964 693 1066 771 αῦτιὲς
1084 696 1140 760 ἕνα
1162 693 1372 776 διδάσκαλον,

271 797 329 883 την
357 801 454 880 χάριν
485 800 544 864 τοῦ
573 799 668 863 θεοῦ·
727 789 830 873 ἄλλως
863 794 925 880 γὰρ
963 793 1093 877 ἔμελλον
1121 791 1154 860 ἕν
1186 818 1251 859 τισι
1290 796 1405 862 δια-5
1459 815 1460 818 ’

272 905 398 982 φωνεῖν.

355 992 406 1070 ις’.
442 991 513 1061 Ὅτι
546 995 689 1074 ἐδέξαντο
717 995 833 1079 ταύτην
863 989 1070 1078 ιη’νπῦστιν,
1091 995 1163 1058 νέαν
1184 985 1283 1056 σῦσαν
1312 995 1376 1055 καί

272 1093 473 1178 παράδοξον,
506 1093 534 1161 οἱ
556 1087 723 1181 ἅνθρωποι
753 1097 917 1176 πανταχοῦ
942 1091 1022 1174 μετὰ
1050 1096 1190 1176 σπουδῆς
1211 1089 1267 1158 καί
1284 1089 1373 1172 μετὰ
1460 1100 1461 1132 ³

272 1195 426 1258 κινδύνων
449 1183 581 1260 πολλῶν.
635 1197 690 1259 καί
708 1196 748 1257 οῦ
767 1189 863 1276 μόνον
881 1195 1006 1258 ἰδιῶται
1030 1195 1084 1256 καί
1111 1192 1258 1277 σῖμαθεῖς,
1281 1189 1372 1266 α’λλσὶ

273 1297 328 1357 καί
352 1290 381 1357 οἱ
403 1291 561 1379 φρόνιμοι
584 1292 689 1361 καδσῐ
713 1294 817 1380 σοφαί.
867 1293 921 1358 καὶ
940 1290 995 1356 διδ
1018 1296 1111 1358 τοῦτο
1133 1290 1288 1376 κατελῦθη
1317 1314 1375 1354 τε·
1389 1308 1427 1360 10
1460 1317 1461 1322 ’

274 1397 366 1467 λείως
388 1391 408 1476 ἦ
432 1392 533 1476 πλάνη
553 1395 617 1458 cciv
639 1393 806 1474 δαιμόνων.

352 1489 407 1571 ιζ.
442 1487 512 1558 Ὅτι
540 1489 559 1576 ,ἢ
586 1497 691 1569 πίστις
718 1487 796 1576 αῦτη
824 1489 920 1556 οῦδὲν
950 1493 1092 1576 περιέχει
1115 1489 1271 1555 α’δῦνατον
1292 1489 1377 1553 οῦδὲ
1461 1539 1462 1544 ,

269 1588 483 1677 ἀ’σῦμφωνον,
508 1592 583 1657 ον’δὲ
603 1615 633 1656 τι
653 1591 841 1678 σωματικόν,
860 1589 941 1656 α’λλσὶ
963 1590 1066 1656 πάντα
1088 1584 1295 1670 πνευματικοί.
1317 1589 1379 1650 καὶ

275 1686 361 1754 ἔστιν
384 1687 457 1766 ὁδὸς
480 1692 624 1776 φέρουσα
643 1691 700 1766 τὰς
720 1677 831 1772 ψυχας
860 1692 921 1754 τῶν
949 1689 1128 1774 α’νθραίπων
1148 1690 1194 1766 εἰς
1212 1687 1269 1773 την
1290 1687 1377 1770 αἴγει’-

275 1789 338 1876 πην
358 1791 415 1856 τοῦ
435 1793 515 1854 θεοῦ
538 1791 666 1874 καὶτῆς
687 1788 864 1874 μελλούσης
885 1791 1014 1854 elevabo
1039 1790 1130 1872 ζωῆς.
1389 1801 1425 1853 15

362 1888 413 1974 ιη’.
450 1885 517 1954 Ὅτι
548 1884 625 1953 ῦσσι
653 1885 766 1970 ἔλαβον
794 1889 908 1974 ταύτην
926 1886 983 1972 τὴν
1007 1891 1110 1952 πίστιν
1131 1891 1187 1952 καὶ
1208 1887 1378 1953 enotares.

276 2011 373 2054 σαντο
393 1989 548 2071 ἐναρέτους
577 1983 657 2054 κατὰ
691 1987 747 2051 τόν
766 1985 869 2072 Ἰησοῦ
892 1986 1004 2070 νόμον,
1033 1984 1148 2069 ἔλαβον
1167 1982 1290 2070 μεγάλα
1309 2011 1378 2069 χα-

277 2087 419 2170 ρίσματα
449 2089 484 2152 ἐκ
508 2089 574 2150 τοῦ·
595 2083 757 2167 θεοῦ,καί
778 2083 929 2168 δυνάμεις
958 2084 1110 2170 ἐποίησαν
1133 2084 1250 2161 πολλαὶς
1272 2085 1305 2150 ῦν
1330 2089 1378 2174 spi

350 2261 374 2311 1.
398 2260 506 2316 τισιν
535 2239 539 2243 ’
578 2259 620 2311 ιν.
638 2257 723 2314 πται
744 2255 792 2313 eo.
814 2257 896 2316 osser
921 2261 985 2316 αν
1086 2257 1127 2312 14.
1150 2253 1215 2324 ενι.
1240 2262 1272 2313 P:
1289 2239 1376 2330 'vulgo

350 2325 450 2399 ἦῦδός
560 2331 601 2388 17.
619 2325 681 2406 τὸν]
701 2325 751 2386 τὸν
770 2330 857 2386 sose

280 2475 456 2544 haecomnia
483 2507 543 2542 cum
563 2490 663 2542 illustri
690 2490 771 2543 laude
801 2490 1060 2563 praedicationeque
1086 2492 1146 2544 iesu
1174 2509 1268 2544 omnes
1290 2493 1377 2543 etiam

279 2561 328 2614 has
348 2561 504 2632 prophetias
533 2569 562 2612 et
581 2561 781 2632 praedictiones
809 2563 892 2614 fuisse
918 2579 994 2614 veras
1021 2581 1052 2615 sc
1070 2564 1179 2616 minime
1206 2563 1378 2618 adulterinas

280 2632 463 2686 demonstrare
481 2649 633 2702 possumus.

478 2720 615 2772 Hactenus
632 2717 766 2771 decimum
785 2725 907 2789 quartum
927 2727 1018 2788 caput.

342 2805 583 2878 ¹Deinde‚quod
610 2822 703 2858 omnes
725 2807 864 2874 religionis
883 2813 991 2856 nostrae
1024 2804 1088 2856 libri
1107 2813 1134 2858 et
1160 2792 1306 2875 scriptu'sae
1326 2825 1378 2876 per
1413 2841 1421 2856 .

281 2879 371 2930 omnia
390 2879 461 2931 intes
481 2895 510 2928 se
537 2885 694 2929 consonant.
740 2894 790 2928 nec
816 2877 928 2928 misum:
955 2878 1003 2946 qui
1030 2878 1101 2927 enim
1131 2893 1176 2928 eos
1201 2879 1377 2946 scripserunt,

281 2949 364 3000 isnum
387 2957 415 3000 et
435 2947 551 3000 eundem
574 2947 713 2998 doctorem
740 2947 911 3009 habuerunt,
938 2947 1022 3016 ipsam
1044 2949 1154 3014 gratiam
1174 2947 1227 2998 dei.
1250 2947 1323 3018 quod
1346 2951 1377 3002 ni

282 3020 388 3082 suisset,
406 3028 479 3070 ceste
499 3019 529 3068 in
550 3017 711 3088 quibusdam
731 3027 762 3069 ut
780 3018 959 3080 dissonarent,
978 3018 1098 3069 futurum
1118 3019 1223 3070 fuisset.

478 3105 617 3156 Hactenus
637 3102 768 3155 decimum
789 3105 913 3174 quintum
931 3113 1020 3174 caput.

372 3190 467 3243 Tertio
487 3191 566 3254 loco,
593 3191 668 3262 quod
697 3199 859 3263 receperunt
884 3191 954 3244 hanc
975 3191 1071 3254 fidem,
1089 3193 1154 3242 licet
1170 3210 1239 3244 nova
1259 3201 1330 3244 esset
1349 3201 1380 3246 et

283 3268 391 3332 praeter
408 3278 574 3313 communem
598 3263 754 3332 opinionem
773 3264 894 3326 semiss,
912 3261 1148 3333 hominesubique
1167 3265 1296 3325 iocorum,
1315 3280 1384 3330 mag

285 3349 338 3398 gno
357 3331 455 3394 stuciis,
474 3334 566 3384 multis
584 3351 644 3384 cum
659 3335 796 3404 periculis.
833 3352 883 3386 nec
896 3334 998 3386 idiotae
1012 3334 1096 3397 solum
1110 3343 1137 3386 et
1156 3337 1231 3386 nulla
1253 3335 1379 3386 cecinna

285 3400 399 3464 eruditis
411 3402 459 3454 sed
479 3404 559 3455 etiam
585 3405 631 3474 qui
650 3405 798 3474 prudentes
817 3415 844 3456 et
862 3407 997 3474 sapientes
1022 3403 1108 3456 habiti
1128 3405 1213 3457 fuere.
1246 3405 1379 3458 dissoluti

284 3474 338 3524 iam
359 3472 423 3525 hinc
441 3491 548 3545 prossus
566 3474 623 3526 doli
644 3484 672 3526 et
689 3477 814 3545 deceptio
833 3475 1003 3528 daemonnm.

484 3563 621 3613 Hactenus
641 3572 746 3613 sextum
764 3563 897 3614 decimum
916 3571 1005 3633 caput.

310 3687 311 3691 ,
375 3647 497 3717 Quarto,
515 3649 589 3718 quod
609 3649 679 3700 nihil
702 3645 887 3718 impossibiie,
909 3652 984 3702 nihil'
1000 3647 1203 3703 'dissentaneum
1223 3651 1289 3702 haec
1309 3651 1381 3704 fides

285 3719 421 3783 continet;
440 3718 509 3770 nihii
527 3721 682 3788 corporale,
702 3721 749 3772 secl
778 3725 867 3773 omnia
889 3723 1028 3791 spiritalia.
1066 3733 1093 3774 et
1110 3725 1151 3774 via
1171 3731 1211 3774 est
1225 3719 1297 3792 'quae
1314 3725 1382 3774 ani·

285 3806 342 3841 usos
363 3788 502 3840 hominum
522 3789 557 3839 ad
577 3791 714 3842 caritatem
735 3791 779 3842 dei
798 3803 824 3844 et
843 3794 950 3844 futurae
982 3795 1051 3845 vitae
1071 3802 1199 3846 aeternae
1220 3793 1304 3846 ducit.

483 3877 619 3938 Hactenus
633 3877 769 3930 decimum
789 3882 932 3950 septimum
951 3876 1050 3951 caput(

358 3961 471 4032 Quinto,
490 3971 626 4032 quotquot
645 3975 821 4035 susceperunt
838 3968 908 4020 hanc
930 3968 1009 4019 fidem
1033 3976 1138 4019 etcum
1161 3968 1260 4018 virtute
1281 3983 1383 4017 secun-

289 4027 353 4080 dum
371 4033 429 4084 iesu
450 4034 535 4101 legem
553 4044 581 4085 et
598 4035 723 4088 instituta
750 4039 891 4101 vixerunt,
909 4037 947 4089 hi'
964 4040 1065 4106 magnis
1084 4031 1163 4088 donis
1182 4055 1198 4087 a
1218 4037 1270 4088 deo
1290 4038 1383 4088 ornati

289 4099 408 4165 suerunt,
429 4112 457 4156 et
475 4105 603 4156 miracula
621 4107 706 4160 multa
722 4117 857 4178 potenter,
876 4111 984 4162 nomine
1005 4119 1033 4162 et
1051 4125 1177 4162 concessu
1199 4110 1286 4179 ipsius
1307 4111 1382 4172 iesu,
