<?xml version="1.0" encoding="UTF-8"?>
<!DOCTYPE html PUBLIC "-//W3C//DTD XHTML 1.0 Transitional//EN"
    "http://www.w3.org/TR/xhtml1/DTD/xhtml1-transitional.dtd">
<html xmlns="http://www.w3.org/1999/xhtml" xml:lang="en" lang="en">
 <head>
  <title>
</title>
<meta http-equiv="Content-Type" content="text/html;charset=utf-8" />
  <meta name='ocr-system' content='tesseract 3.04.00' />
  <meta name='ocr-capabilities' content='ocr_page ocr_carea ocr_par ocr_line ocrx_word'/>
</head>
<body>
  <div class='ocr_page' id='page_1' title='image "./corpusscriptoru16niebgoog_0231.png"; bbox 0 0 2946 4830; ppageno 0'>
   <div class='ocr_carea' id='block_1_1' title="bbox 217 216 1001 322">
    <p class='ocr_par' dir='ltr' id='par_1_1' title="bbox 217 216 1001 322">
     <span class='ocr_line' id='line_1_1' title="bbox 217 216 1001 322; baseline -0.009 -4"><span class='ocrx_word' id='word_1_1' title='bbox 217 216 291 322; x_wconf 78' lang='grc' dir='ltr'><strong><em>οιο</em></strong></span> <span class='ocrx_word' id='word_1_2' title='bbox 433 277 439 286; x_wconf 86' lang='lat'>·</span> <span class='ocrx_word' id='word_1_3' title='bbox 598 243 1001 315; x_wconf 77' lang='lat' dir='ltr'>usnssussrrns-</span> 
     </span>
    </p>
   </div>
   <div class='ocr_carea' id='block_1_2' title="bbox 137 396 1386 2804">
    <p class='ocr_par' dir='ltr' id='par_1_2' title="bbox 150 396 1384 1594">
     <span class='ocr_line' id='line_1_2' title="bbox 308 396 1331 486; baseline -0.005 -13"><span class='ocrx_word' id='word_1_4' title='bbox 308 402 513 473; x_wconf 67' lang='lat' dir='ltr'>”Elaeos-tt</span> <span class='ocrx_word' id='word_1_5' title='bbox 531 405 559 470; x_wconf 82' lang='grc' dir='ltr'><strong><em>οἱ</em></strong></span> <span class='ocrx_word' id='word_1_6' title='bbox 586 403 761 472; x_wconf 84' lang='grc' dir='ltr'><strong><em>Ἰωαυνῖται</em></strong></span> <span class='ocrx_word' id='word_1_7' title='bbox 779 407 812 470; x_wconf 84' lang='grc' dir='ltr'><strong><em>τὰ</em></strong></span> <span class='ocrx_word' id='word_1_8' title='bbox 843 408 953 486; x_wconf 84' lang='grc' dir='ltr'><strong><em>μεῖζον</em></strong></span> <span class='ocrx_word' id='word_1_9' title='bbox 988 400 1083 468; x_wconf 79' lang='grc' dir='ltr'><strong><em>κακὸν</em></strong></span> <span class='ocrx_word' id='word_1_10' title='bbox 1116 405 1164 480; x_wconf 82' lang='grc' dir='ltr'><strong><em>εἰς</em></strong></span> <span class='ocrx_word' id='word_1_11' title='bbox 1185 396 1331 480; x_wconf 73' lang='grc' dir='ltr'><strong><em>ἑαυτοιλς</em></strong></span> 
     </span>
     <span class='ocr_line' id='line_1_3' title="bbox 216 502 1330 590; baseline -0.009 -14"><span class='ocrx_word' id='word_1_12' title='bbox 216 505 445 588; x_wconf 71' lang='grc' dir='ltr'><strong><em>ἐπισπώμενοι·</em></strong></span> <span class='ocrx_word' id='word_1_13' title='bbox 489 503 546 588; x_wconf 76' lang='grc' dir='ltr'><strong><em>την</em></strong></span> <span class='ocrx_word' id='word_1_14' title='bbox 576 502 637 588; x_wconf 74' lang='grc' dir='ltr'><strong><em>γὰρ</em></strong></span> <span class='ocrx_word' id='word_1_15' title='bbox 665 507 809 568; x_wconf 77' lang='grc' dir='ltr'><strong><em>δουλείαν</em></strong></span> <span class='ocrx_word' id='word_1_16' title='bbox 831 502 1004 590; x_wconf 60' lang='grc' dir='ltr'><strong><em>φεύγοντες</em></strong></span> <span class='ocrx_word' id='word_1_17' title='bbox 1034 508 1096 569; x_wconf 78' lang='grc' dir='ltr'><strong><em>τῶν</em></strong></span> <span class='ocrx_word' id='word_1_18' title='bbox 1125 503 1330 585; x_wconf 77' lang='grc' dir='ltr'><strong><em>Ἀλβανιταῖν</em></strong></span> 
     </span>
     <span class='ocr_line' id='line_1_4' title="bbox 210 601 1331 693; baseline -0.004 -21"><span class='ocrx_word' id='word_1_19' title='bbox 210 612 342 693; x_wconf 63' lang='grc' dir='ltr'><strong><em>μείζοσι</em></strong></span> <span class='ocrx_word' id='word_1_20' title='bbox 372 614 478 681; x_wconf 82' lang='grc' dir='ltr'><strong><em>κακοῖς</em></strong></span> <span class='ocrx_word' id='word_1_21' title='bbox 506 601 641 680; x_wconf 74' lang='grc' dir='ltr'><strong><em>ἓαυτοιλς</em></strong></span> <span class='ocrx_word' id='word_1_22' title='bbox 676 609 874 686; x_wconf 74' lang='grc' dir='ltr'><strong><em>περιέβαλον.</em></strong></span> <span class='ocrx_word' id='word_1_23' title='bbox 929 602 998 669; x_wconf 81' lang='grc' dir='ltr'><strong><em>τότε</em></strong></span> <span class='ocrx_word' id='word_1_24' title='bbox 1031 602 1069 686; x_wconf 73' lang='lat' dir='ltr'><strong><em>dr}</em></strong></span> <span class='ocrx_word' id='word_1_25' title='bbox 1105 607 1249 686; x_wconf 82' lang='grc' dir='ltr'><strong><em>πρέσβεις</em></strong></span> <span class='ocrx_word' id='word_1_26' title='bbox 1273 606 1331 677; x_wconf 86' lang='grc' dir='ltr'><strong><em>είς</em></strong></span> 
     </span>
     <span class='ocr_line' id='line_1_5' title="bbox 216 704 1330 788; baseline -0.004 -16"><span class='ocrx_word' id='word_1_27' title='bbox 216 704 342 777; x_wconf 64' lang='lat' dir='ltr'>Butler&amp;</span> <span class='ocrx_word' id='word_1_28' title='bbox 375 705 463 788; x_wconf 76' lang='grc' dir='ltr'><strong><em>παρά</em></strong></span> <span class='ocrx_word' id='word_1_29' title='bbox 486 728 518 769; x_wconf 87' lang='grc' dir='ltr'><strong><em>τε</em></strong></span> <span class='ocrx_word' id='word_1_30' title='bbox 552 707 609 770; x_wconf 80' lang='grc' dir='ltr'><strong><em>τοῦ</em></strong></span> <span class='ocrx_word' id='word_1_31' title='bbox 631 709 788 786; x_wconf 83' lang='grc' dir='ltr'><strong><em>βασιλέως</em></strong></span> <span class='ocrx_word' id='word_1_32' title='bbox 817 707 871 769; x_wconf 86' lang='grc' dir='ltr'><strong><em>καί</em></strong></span> <span class='ocrx_word' id='word_1_33' title='bbox 898 707 962 771; x_wconf 76' lang='grc' dir='ltr'><strong><em>ταῖν</em></strong></span> <span class='ocrx_word' id='word_1_34' title='bbox 986 706 1168 770; x_wconf 78' lang='grc' dir='ltr'><strong><em>Ἰωαυνιτῶν</em></strong></span> <span class='ocrx_word' id='word_1_35' title='bbox 1203 707 1330 783; x_wconf 79' lang='grc' dir='ltr'><strong><em>ἐκπέμ-</em></strong></span> 
     </span>
     <span class='ocr_line' id='line_1_6' title="bbox 218 800 1359 892; baseline -0.003 -19"><span class='ocrx_word' id='word_1_36' title='bbox 218 825 329 873; x_wconf 88' lang='grc' dir='ltr'><strong><em>πονται</em></strong></span> <span class='ocrx_word' id='word_1_37' title='bbox 350 807 464 892; x_wconf 82' lang='grc' dir='ltr'><strong><em>(ἐκεῖσε</em></strong></span> <span class='ocrx_word' id='word_1_38' title='bbox 486 803 547 888; x_wconf 77' lang='grc' dir='ltr'><strong><em>γὰρ</em></strong></span> <span class='ocrx_word' id='word_1_39' title='bbox 580 803 737 884; x_wconf 82' lang='grc' dir='ltr'><strong><em>ὁΘιομυῖς</em></strong></span> <span class='ocrx_word' id='word_1_40' title='bbox 770 803 827 889; x_wconf 76' lang='grc' dir='ltr'><strong><em>την</em></strong></span> <span class='ocrx_word' id='word_1_41' title='bbox 850 803 970 888; x_wconf 85' lang='grc' dir='ltr'><strong><em>οἴκησιν</em></strong></span> <span class='ocrx_word' id='word_1_42' title='bbox 992 800 1094 889; x_wconf 76' lang='grc' dir='ltr'><strong><em>εἶχε),</em></strong></span> <span class='ocrx_word' id='word_1_43' title='bbox 1131 807 1186 868; x_wconf 85' lang='grc' dir='ltr'><strong><em>καί</em></strong></span> <span class='ocrx_word' id='word_1_44' title='bbox 1204 805 1359 885; x_wconf 52' lang='grc' dir='ltr'><strong><em>πατρί-5</em></strong></span> 
     </span>
     <span class='ocr_line' id='line_1_7' title="bbox 219 899 1329 996; baseline -0.009 -22"><span class='ocrx_word' id='word_1_45' title='bbox 219 913 327 990; x_wconf 87' lang='grc' dir='ltr'><strong><em>ζυυσιν</em></strong></span> <span class='ocrx_word' id='word_1_46' title='bbox 341 907 427 996; x_wconf 76' lang='grc' dir='ltr'><strong><em>αὐτῷ</em></strong></span> <span class='ocrx_word' id='word_1_47' title='bbox 439 904 478 970; x_wconf 76' lang='grc' dir='ltr'><strong><em>τοὶ</em></strong></span> <span class='ocrx_word' id='word_1_48' title='bbox 491 909 546 990; x_wconf 76' lang='grc' dir='ltr'><strong><em>τῆς</em></strong></span> <span class='ocrx_word' id='word_1_49' title='bbox 560 907 723 986; x_wconf 74' lang='grc' dir='ltr'><strong><em>βασιλείας</em></strong></span> <span class='ocrx_word' id='word_1_50' title='bbox 743 899 875 970; x_wconf 74' lang='grc' dir='ltr'><strong><em>ἅπαντα.</em></strong></span> <span class='ocrx_word' id='word_1_51' title='bbox 901 908 1028 988; x_wconf 79' lang='grc' dir='ltr'><strong><em>δέχεται</em></strong></span> <span class='ocrx_word' id='word_1_52' title='bbox 1043 902 1099 988; x_wconf 77' lang='grc' dir='ltr'><strong><em>την</em></strong></span> <span class='ocrx_word' id='word_1_53' title='bbox 1115 907 1289 986; x_wconf 83' lang='grc' dir='ltr'><strong><em>πρεσβείαν</em></strong></span> <span class='ocrx_word' id='word_1_54' title='bbox 1309 903 1329 964; x_wconf 79' lang='grc' dir='ltr'><em>ὅ</em></span> 
     </span>
     <span class='ocr_line' id='line_1_8' title="bbox 224 1001 1330 1090; baseline -0.006 -16"><span class='ocrx_word' id='word_1_55' title='bbox 224 1011 353 1090; x_wconf 78' lang='grc' dir='ltr'><strong><em>Θωμᾶς,</em></strong></span> <span class='ocrx_word' id='word_1_56' title='bbox 370 1011 580 1073; x_wconf 75' lang='grc' dir='ltr'><strong><em>ἐπακολουθεῖ</em></strong></span> <span class='ocrx_word' id='word_1_57' title='bbox 593 1014 656 1080; x_wconf 81' lang='grc' dir='ltr'><strong><em>τοῖς</em></strong></span> <span class='ocrx_word' id='word_1_58' title='bbox 671 1009 821 1090; x_wconf 80' lang='grc' dir='ltr'><strong><em>πρέσβεσι</em></strong></span> <span class='ocrx_word' id='word_1_59' title='bbox 838 1003 1023 1090; x_wconf 74' lang='grc' dir='ltr'><strong><em>προθύμως,</em></strong></span> <span class='ocrx_word' id='word_1_60' title='bbox 1045 1004 1101 1070; x_wconf 86' lang='grc' dir='ltr'><strong><em>καί</em></strong></span> <span class='ocrx_word' id='word_1_61' title='bbox 1111 1001 1330 1084; x_wconf 78' lang='grc' dir='ltr'><strong><em>καταλαμβά.</em></strong></span> 
     </span>
     <span class='ocr_line' id='line_1_9' title="bbox 215 1104 1337 1193; baseline -0.007 -17"><span class='ocrx_word' id='word_1_62' title='bbox 215 1134 261 1176; x_wconf 87' lang='grc' dir='ltr'><strong><em>νει</em></strong></span> <span class='ocrx_word' id='word_1_63' title='bbox 284 1107 338 1193; x_wconf 75' lang='grc' dir='ltr'><strong><em>τὴν</em></strong></span> <span class='ocrx_word' id='word_1_64' title='bbox 369 1104 612 1190; x_wconf 80' lang='grc' dir='ltr'><strong><em>πολυθρύλητον</em></strong></span> <span class='ocrx_word' id='word_1_65' title='bbox 639 1109 701 1170; x_wconf 76' lang='grc' dir='ltr'><strong><em>τῶν</em></strong></span> <span class='ocrx_word' id='word_1_66' title='bbox 729 1107 913 1172; x_wconf 79' lang='grc' dir='ltr'><strong><em>Ἰωαυνίυοον</em></strong></span> <span class='ocrx_word' id='word_1_67' title='bbox 940 1104 1029 1170; x_wconf 85' lang='grc' dir='ltr'><strong><em>πόλιν</em></strong></span> <span class='ocrx_word' id='word_1_68' title='bbox 1057 1104 1118 1170; x_wconf 80' lang='grc' dir='ltr'><strong><em>οὐν</em></strong></span> <span class='ocrx_word' id='word_1_69' title='bbox 1139 1109 1178 1192; x_wconf 79' lang='grc' dir='ltr'><strong><em>τῇ</em></strong></span> <span class='ocrx_word' id='word_1_70' title='bbox 1198 1105 1337 1185; x_wconf 76' lang='grc' dir='ltr'><strong><em>ειῖσεβεῖ</em></strong></span> 
     </span>
     <span class='ocr_line' id='line_1_10' title="bbox 150 1200 1331 1298; baseline -0.008 -21"><span class='ocrx_word' id='word_1_71' title='bbox 150 1211 152 1215; x_wconf 64' lang='grc'><strong>’</strong></span> <span class='ocrx_word' id='word_1_72' title='bbox 215 1213 384 1298; x_wconf 78' lang='grc' dir='ltr'><strong><em>βασιλίσσῃ</em></strong></span> <span class='ocrx_word' id='word_1_73' title='bbox 404 1208 568 1294; x_wconf 73' lang='grc' dir='ltr'><strong><em>Ἀγγελικῇ</em></strong></span> <span class='ocrx_word' id='word_1_74' title='bbox 590 1209 629 1295; x_wconf 77' lang='grc' dir='ltr'><strong><em>τῇ</em></strong></span> <span class='ocrx_word' id='word_1_75' title='bbox 646 1205 884 1296; x_wconf 79' lang='grc' dir='ltr'><strong><em>Παλαιολογίνη</em></strong></span> <span class='ocrx_word' id='word_1_76' title='bbox 904 1210 943 1294; x_wconf 77' lang='grc' dir='ltr'><strong><em>τῇ</em></strong></span> <span class='ocrx_word' id='word_1_77' title='bbox 960 1205 1074 1272; x_wconf 80' lang='grc' dir='ltr'><strong><em>τούτου</em></strong></span> <span class='ocrx_word' id='word_1_78' title='bbox 1096 1200 1331 1292; x_wconf 79' lang='grc' dir='ltr'><strong><em>εὖμενεστοίτη,</em></strong></span> 
     </span>
     <span class='ocr_line' id='line_1_11' title="bbox 217 1304 1384 1390; baseline -0.003 -14"><span class='ocrx_word' id='word_1_79' title='bbox 217 1310 305 1386; x_wconf 79' lang='grc' dir='ltr'><strong><em>ἔτους</em></strong></span> <span class='ocrx_word' id='word_1_80' title='bbox 328 1308 526 1390; x_wconf 72' lang='grc' dir='ltr'><strong><em>ὑπάρχοντος</em></strong></span> <span class='ocrx_word' id='word_1_81' title='bbox 544 1309 646 1386; x_wconf 81' lang='grc'>6875,</span> <span class='ocrx_word' id='word_1_82' title='bbox 669 1304 730 1372; x_wconf 67' lang='lat' dir='ltr'>uiuo*</span> <span class='ocrx_word' id='word_1_83' title='bbox 756 1309 790 1372; x_wconf 82' lang='grc' dir='ltr'><strong><em>δὲ</em></strong></span> <span class='ocrx_word' id='word_1_84' title='bbox 812 1308 957 1390; x_wconf 77' lang='grc' dir='ltr'><strong><em>Χριστοῦ</em></strong></span> <span class='ocrx_word' id='word_1_85' title='bbox 979 1307 1075 1386; x_wconf 79' lang='grc' dir='ltr'><strong>136ἶ,</strong></span> <span class='ocrx_word' id='word_1_86' title='bbox 1097 1305 1327 1388; x_wconf 76' lang='grc' dir='ltr'><strong><em>συνεπαγόμε-</em></strong></span> <span class='ocrx_word' id='word_1_87' title='bbox 1341 1319 1384 1372; x_wconf 88' lang='grc'><strong><em>10</em></strong></span> 
     </span>
     <span class='ocr_line' id='line_1_12' title="bbox 216 1396 1327 1491; baseline -0.007 -17"><span class='ocrx_word' id='word_1_88' title='bbox 216 1433 268 1485; x_wconf 88' lang='grc' dir='ltr'><strong><em>νος</em></strong></span> <span class='ocrx_word' id='word_1_89' title='bbox 287 1413 363 1490; x_wconf 73' lang='grc' dir='ltr'><strong><em>μεθ’</em></strong></span> <span class='ocrx_word' id='word_1_90' title='bbox 383 1403 499 1480; x_wconf 76' lang='grc' dir='ltr'><strong><em>ἑαυτοῦ</em></strong></span> <span class='ocrx_word' id='word_1_91' title='bbox 519 1409 574 1470; x_wconf 87' lang='grc' dir='ltr'><strong><em>καί</em></strong></span> <span class='ocrx_word' id='word_1_92' title='bbox 593 1405 778 1488; x_wconf 84' lang='grc' dir='ltr'><strong><em>στράτευμα</em></strong></span> <span class='ocrx_word' id='word_1_93' title='bbox 800 1406 1024 1491; x_wconf 77' lang='grc' dir='ltr'><strong><em>ευόιρίθμητον.</em></strong></span> <span class='ocrx_word' id='word_1_94' title='bbox 1068 1396 1226 1489; x_wconf 65' lang='grc' dir='ltr'><strong><em>δέχονται</em></strong></span> <span class='ocrx_word' id='word_1_95' title='bbox 1242 1407 1327 1468; x_wconf 82' lang='grc' dir='ltr'><strong><em>τοῦ.</em></strong></span> 
     </span>
     <span class='ocr_line' id='line_1_13' title="bbox 215 1504 1328 1594; baseline -0.004 -22"><span class='ocrx_word' id='word_1_96' title='bbox 215 1532 268 1572; x_wconf 85' lang='grc' dir='ltr'><strong><em>τον</em></strong></span> <span class='ocrx_word' id='word_1_97' title='bbox 290 1504 319 1571; x_wconf 84' lang='grc' dir='ltr'><strong><em>οἱ</em></strong></span> <span class='ocrx_word' id='word_1_98' title='bbox 335 1507 511 1572; x_wconf 86' lang='grc' dir='ltr'><strong><em>Ἰωαννῖται</em></strong></span> <span class='ocrx_word' id='word_1_99' title='bbox 532 1507 662 1582; x_wconf 80' lang='grc' dir='ltr'><strong><em>ὑπτίαις</em></strong></span> <span class='ocrx_word' id='word_1_100' title='bbox 682 1505 794 1590; x_wconf 88' lang='grc' dir='ltr'><strong><em>χερσίν</em></strong></span> <span class='ocrx_word' id='word_1_101' title='bbox 812 1505 897 1582; x_wconf 84' lang='grc' dir='ltr'><strong><em>ε’ντός</em></strong></span> <span class='ocrx_word' id='word_1_102' title='bbox 910 1511 973 1590; x_wconf 82' lang='grc' dir='ltr'><strong><em>τῆς</em></strong></span> <span class='ocrx_word' id='word_1_103' title='bbox 994 1505 1113 1582; x_wconf 85' lang='grc' dir='ltr'><strong><em>πόλεως</em></strong></span> <span class='ocrx_word' id='word_1_104' title='bbox 1137 1506 1241 1594; x_wconf 72' lang='grc' dir='ltr'><strong><em>αὐτοῖν</em></strong></span> <span class='ocrx_word' id='word_1_105' title='bbox 1261 1528 1328 1584; x_wconf 87' lang='grc' dir='ltr'><strong><em>με-</em></strong></span> 
     </span>
    </p>

    <p class='ocr_par' dir='ltr' id='par_1_3' title="bbox 159 1600 1386 1792">
     <span class='ocr_line' id='line_1_14' title="bbox 159 1600 1386 1692; baseline -0.004 -17"><span class='ocrx_word' id='word_1_106' title='bbox 159 1600 162 1605; x_wconf 42' lang='grc'><strong>’</strong></span> <span class='ocrx_word' id='word_1_107' title='bbox 216 1608 254 1675; x_wconf 82' lang='grc' dir='ltr'><strong><em>τοὶ</em></strong></span> <span class='ocrx_word' id='word_1_108' title='bbox 275 1611 429 1692; x_wconf 78' lang='grc' dir='ltr'><strong><em>μεγίστων</em></strong></span> <span class='ocrx_word' id='word_1_109' title='bbox 450 1600 565 1690; x_wconf 77' lang='grc' dir='ltr'><strong><em>κρὸτιον</em></strong></span> <span class='ocrx_word' id='word_1_110' title='bbox 591 1608 646 1671; x_wconf 90' lang='grc' dir='ltr'><strong><em>καί</em></strong></span> <span class='ocrx_word' id='word_1_111' title='bbox 666 1609 843 1692; x_wconf 71' lang='grc' dir='ltr'><strong><em>ειλφημιοόυ.</em></strong></span> <span class='ocrx_word' id='word_1_112' title='bbox 864 1606 879 1672; x_wconf 84' lang='grc' dir='ltr'><em>ὃ</em></span> <span class='ocrx_word' id='word_1_113' title='bbox 903 1611 938 1672; x_wconf 81' lang='grc' dir='ltr'><strong><em>δὲ</em></strong></span> <span class='ocrx_word' id='word_1_114' title='bbox 958 1605 1013 1690; x_wconf 76' lang='grc' dir='ltr'><strong><em>την</em></strong></span> <span class='ocrx_word' id='word_1_115' title='bbox 1036 1608 1201 1692; x_wconf 75' lang='grc' dir='ltr'><strong><em>α’λωπεκῆν</em></strong></span> <span class='ocrx_word' id='word_1_116' title='bbox 1223 1603 1329 1670; x_wconf 69' lang='lat' dir='ltr'>sinev-</span> <span class='ocrx_word' id='word_1_117' title='bbox 1359 1655 1386 1670; x_wconf 85' lang='lat'><strong><em>..</em></strong></span> 
     </span>
     <span class='ocr_line' id='line_1_15' title="bbox 218 1703 1328 1792; baseline -0.002 -20"><span class='ocrx_word' id='word_1_118' title='bbox 218 1708 277 1784; x_wconf 75' lang='lat' dir='ltr'>(iric</span> <span class='ocrx_word' id='word_1_119' title='bbox 298 1704 444 1783; x_wconf 70' lang='grc' dir='ltr'><strong><em>ὑπούλως</em></strong></span> <span class='ocrx_word' id='word_1_120' title='bbox 466 1711 520 1771; x_wconf 80' lang='grc' dir='ltr'><strong><em>κατ’</em></strong></span> <span class='ocrx_word' id='word_1_121' title='bbox 541 1709 678 1792; x_wconf 75' lang='grc' dir='ltr'><strong><em>δολερῶς</em></strong></span> <span class='ocrx_word' id='word_1_122' title='bbox 698 1709 817 1782; x_wconf 83' lang='grc' dir='ltr'><strong><em>πάντας</em></strong></span> <span class='ocrx_word' id='word_1_123' title='bbox 839 1710 884 1782; x_wconf 85' lang='grc' dir='ltr'><strong><em>εἰς</em></strong></span> <span class='ocrx_word' id='word_1_124' title='bbox 907 1703 1022 1772; x_wconf 70' lang='grc' dir='ltr'><strong><em>ἑαυτὸν</em></strong></span> <span class='ocrx_word' id='word_1_125' title='bbox 1045 1703 1255 1772; x_wconf 76' lang='grc' dir='ltr'><strong><em>ἐπεσπάσατο.</em></strong></span> <span class='ocrx_word' id='word_1_126' title='bbox 1280 1710 1328 1770; x_wconf 83' lang='grc' dir='ltr'><strong><em>ου’</em></strong></span> 
     </span>
    </p>

    <p class='ocr_par' dir='ltr' id='par_1_4' title="bbox 137 1805 1379 1996">
     <span class='ocr_line' id='line_1_16' title="bbox 137 1805 1379 1897; baseline -0.002 -23"><span class='ocrx_word' id='word_1_127' title='bbox 137 1829 140 1836; x_wconf 90' lang='grc'><strong>’</strong></span> <span class='ocrx_word' id='word_1_128' title='bbox 217 1807 297 1874; x_wconf 70' lang='grc' dir='ltr'><strong><em>πολι)</em></strong></span> <span class='ocrx_word' id='word_1_129' title='bbox 318 1806 354 1872; x_wconf 72' lang='lat' dir='ltr'><strong><em>erl</em></strong></span> <span class='ocrx_word' id='word_1_130' title='bbox 376 1813 408 1874; x_wconf 85' lang='grc' dir='ltr'><strong><em>ἐν</em></strong></span> <span class='ocrx_word' id='word_1_131' title='bbox 429 1813 526 1897; x_wconf 80' lang='grc' dir='ltr'><strong><em>με’σιρ,</em></strong></span> <span class='ocrx_word' id='word_1_132' title='bbox 547 1807 601 1877; x_wconf 83' lang='grc' dir='ltr'><strong><em>καί</em></strong></span> <span class='ocrx_word' id='word_1_133' title='bbox 618 1808 675 1892; x_wconf 83' lang='grc' dir='ltr'><strong><em>τη“ν</em></strong></span> <span class='ocrx_word' id='word_1_134' title='bbox 692 1807 857 1893; x_wconf 75' lang='grc' dir='ltr'><strong><em>ἀλωπεκῆν</em></strong></span> <span class='ocrx_word' id='word_1_135' title='bbox 878 1809 1073 1894; x_wconf 76' lang='grc' dir='ltr'><strong><em>ἀποτίθεται,</em></strong></span> <span class='ocrx_word' id='word_1_136' title='bbox 1097 1805 1154 1891; x_wconf 69' lang='grc' dir='ltr'><strong><em>τὴν</em></strong></span> <span class='ocrx_word' id='word_1_137' title='bbox 1175 1809 1209 1872; x_wconf 75' lang='lat' dir='ltr'><strong><em>dl</em></strong></span> <span class='ocrx_word' id='word_1_138' title='bbox 1229 1815 1327 1892; x_wconf 87' lang='grc' dir='ltr'><strong><em>λεου-</em></strong></span> <span class='ocrx_word' id='word_1_139' title='bbox 1340 1819 1379 1872; x_wconf 87' lang='grc'><strong><em>15</em></strong></span> 
     </span>
     <span class='ocr_line' id='line_1_17' title="bbox 216 1901 1355 1996; baseline -0.007 -18"><span class='ocrx_word' id='word_1_140' title='bbox 216 1907 495 1996; x_wconf 10' lang='grc' dir='ltr'><strong><em>τῆυςιλπενδιίεται.</em></strong></span> <span class='ocrx_word' id='word_1_141' title='bbox 886 1901 894 1911; x_wconf 65' lang='grc'><em>”</em></span> <span class='ocrx_word' id='word_1_142' title='bbox 1353 1911 1355 1918; x_wconf 81' lang='grc'>’</span> 
     </span>
    </p>

    <p class='ocr_par' dir='ltr' id='par_1_5' title="bbox 159 2010 1381 2804">
     <span class='ocr_line' id='line_1_18' title="bbox 318 2010 1327 2096; baseline 0 -20"><span class='ocrx_word' id='word_1_143' title='bbox 318 2013 389 2076; x_wconf 85' lang='grc' dir='ltr'><strong><em>Καί</em></strong></span> <span class='ocrx_word' id='word_1_144' title='bbox 415 2015 538 2095; x_wconf 74' lang='grc' dir='ltr'><strong><em>πρῶτον</em></strong></span> <span class='ocrx_word' id='word_1_145' title='bbox 569 2015 627 2093; x_wconf 80' lang='grc' dir='ltr'><strong><em>μὲν</em></strong></span> <span class='ocrx_word' id='word_1_146' title='bbox 646 2010 726 2076; x_wconf 83' lang='grc' dir='ltr'><strong><em>κατυὶ</em></strong></span> <span class='ocrx_word' id='word_1_147' title='bbox 751 2015 806 2096; x_wconf 76' lang='grc' dir='ltr'><strong><em>τῆς</em></strong></span> <span class='ocrx_word' id='word_1_148' title='bbox 834 2012 999 2095; x_wconf 79' lang='grc' dir='ltr'><strong><em>ἐκκλησίας</em></strong></span> <span class='ocrx_word' id='word_1_149' title='bbox 1031 2020 1152 2096; x_wconf 81' lang='grc' dir='ltr'><strong><em>χωρεῖ,</em></strong></span> <span class='ocrx_word' id='word_1_150' title='bbox 1185 2013 1239 2078; x_wconf 88' lang='grc' dir='ltr'><strong><em>καί</em></strong></span> <span class='ocrx_word' id='word_1_151' title='bbox 1267 2010 1327 2076; x_wconf 87' lang='grc' dir='ltr'><strong><em>τόυ</em></strong></span> 
     </span>
     <span class='ocr_line' id='line_1_19' title="bbox 218 2103 1326 2199; baseline -0.002 -21"><span class='ocrx_word' id='word_1_152' title='bbox 218 2115 351 2192; x_wconf 77' lang='grc' dir='ltr'><strong><em>ποιμένα</em></strong></span> <span class='ocrx_word' id='word_1_153' title='bbox 375 2111 491 2196; x_wconf 77' lang='grc' dir='ltr'><strong><em>ταύτης</em></strong></span> <span class='ocrx_word' id='word_1_154' title='bbox 512 2115 629 2191; x_wconf 76' lang='grc' dir='ltr'><strong><em>ἐξωθεῖ</em></strong></span> <span class='ocrx_word' id='word_1_155' title='bbox 634 2137 642 2154; x_wconf 88' lang='grc'><em>·</em></span> <span class='ocrx_word' id='word_1_156' title='bbox 666 2110 881 2194; x_wconf 84' lang='grc' dir='ltr'><strong><em>Σεβαστιανὸς</em></strong></span> <span class='ocrx_word' id='word_1_157' title='bbox 903 2113 930 2174; x_wconf 83' lang='lat' dir='ltr'><strong><em>d&#39;</em></strong></span> <span class='ocrx_word' id='word_1_158' title='bbox 945 2103 1037 2188; x_wconf 73' lang='grc' dir='ltr'><strong><em>οὗτος</em></strong></span> <span class='ocrx_word' id='word_1_159' title='bbox 1060 2105 1107 2198; x_wconf 70' lang='grc' dir='ltr'><strong><em>η’ν,</em></strong></span> <span class='ocrx_word' id='word_1_160' title='bbox 1134 2112 1215 2196; x_wconf 79' lang='grc' dir='ltr'><strong><em>υἷνὴρ</em></strong></span> <span class='ocrx_word' id='word_1_161' title='bbox 1238 2107 1326 2199; x_wconf 76' lang='grc' dir='ltr'><strong><em>ἔργῳ</em></strong></span> 
     </span>
     <span class='ocr_line' id='line_1_20' title="bbox 219 2199 1328 2300; baseline -0.003 -24"><span class='ocrx_word' id='word_1_162' title='bbox 219 2211 274 2276; x_wconf 83' lang='grc' dir='ltr'><strong><em>καί</em></strong></span> <span class='ocrx_word' id='word_1_163' title='bbox 296 2211 382 2300; x_wconf 81' lang='grc' dir='ltr'><strong><em>λόγῳ.</em></strong></span> <span class='ocrx_word' id='word_1_164' title='bbox 406 2209 582 2294; x_wconf 77' lang='grc' dir='ltr'><strong><em>διαβόητος.</em></strong></span> <span class='ocrx_word' id='word_1_165' title='bbox 632 2207 771 2296; x_wconf 82' lang='grc' dir='ltr'><strong><em>οἷφαιρεῖ</em></strong></span> <span class='ocrx_word' id='word_1_166' title='bbox 797 2215 831 2277; x_wconf 81' lang='grc' dir='ltr'><strong><em>δὲ</em></strong></span> <span class='ocrx_word' id='word_1_167' title='bbox 861 2209 900 2276; x_wconf 86' lang='grc' dir='ltr'><strong><em>τοὶ</em></strong></span> <span class='ocrx_word' id='word_1_168' title='bbox 930 2213 1091 2295; x_wconf 87' lang='grc' dir='ltr'><strong><em>προσόντα</em></strong></span> <span class='ocrx_word' id='word_1_169' title='bbox 1111 2215 1150 2300; x_wconf 75' lang='grc' dir='ltr'><strong><em>τῇ</em></strong></span> <span class='ocrx_word' id='word_1_170' title='bbox 1173 2199 1328 2297; x_wconf 73' lang='grc' dir='ltr'><strong><em>ἐκκλησίᾳ</em></strong></span> 
     </span>
     <span class='ocr_line' id='line_1_21' title="bbox 159 2307 1381 2397; baseline 0.002 -22"><span class='ocrx_word' id='word_1_171' title='bbox 159 2357 160 2362; x_wconf 39' lang='lat'>1</span> <span class='ocrx_word' id='word_1_172' title='bbox 217 2311 322 2397; x_wconf 84' lang='grc' dir='ltr'><strong><em>χωρία</em></strong></span> <span class='ocrx_word' id='word_1_173' title='bbox 346 2314 400 2374; x_wconf 89' lang='grc' dir='ltr'><strong><em>καί</em></strong></span> <span class='ocrx_word' id='word_1_174' title='bbox 420 2307 562 2396; x_wconf 80' lang='grc' dir='ltr'><strong><em>κτήματα</em></strong></span> <span class='ocrx_word' id='word_1_175' title='bbox 570 2365 579 2397; x_wconf 83' lang='lat'>‚</span> <span class='ocrx_word' id='word_1_176' title='bbox 601 2313 654 2376; x_wconf 84' lang='grc' dir='ltr'><strong><em>καί</em></strong></span> <span class='ocrx_word' id='word_1_177' title='bbox 670 2313 770 2376; x_wconf 82' lang='grc' dir='ltr'><strong><em>ταῦτα</em></strong></span> <span class='ocrx_word' id='word_1_178' title='bbox 791 2322 858 2386; x_wconf 81' lang='grc' dir='ltr'><strong><em>τοῖς</em></strong></span> <span class='ocrx_word' id='word_1_179' title='bbox 871 2315 936 2394; x_wconf 86' lang='grc' dir='ltr'><strong><em>μετ’</em></strong></span> <span class='ocrx_word' id='word_1_180' title='bbox 959 2314 1061 2376; x_wconf 81' lang='grc' dir='ltr'><strong><em>ου’τσῦ</em></strong></span> <span class='ocrx_word' id='word_1_181' title='bbox 1085 2317 1215 2395; x_wconf 78' lang='grc' dir='ltr'><strong><em>Σέρβοις</em></strong></span> <span class='ocrx_word' id='word_1_182' title='bbox 1239 2311 1381 2380; x_wconf 76' lang='grc' dir='ltr'><strong><em>ἀπο-20</em></strong></span> 
     </span>
     <span class='ocr_line' id='line_1_22' title="bbox 218 2409 1328 2498; baseline -0.002 -20"><span class='ocrx_word' id='word_1_183' title='bbox 218 2415 328 2494; x_wconf 81' lang='grc' dir='ltr'><strong><em>νέμει·</em></strong></span> <span class='ocrx_word' id='word_1_184' title='bbox 367 2415 423 2476; x_wconf 82' lang='grc' dir='ltr'><strong><em>καί</em></strong></span> <span class='ocrx_word' id='word_1_185' title='bbox 441 2414 679 2493; x_wconf 78' lang='grc' dir='ltr'><strong><em>μελαυένδυτος,</em></strong></span> <span class='ocrx_word' id='word_1_186' title='bbox 707 2415 780 2498; x_wconf 80' lang='grc' dir='ltr'><strong><em>φεῦ,</em></strong></span> <span class='ocrx_word' id='word_1_187' title='bbox 802 2413 857 2476; x_wconf 83' lang='grc' dir='ltr'><strong><em>καί</em></strong></span> <span class='ocrx_word' id='word_1_188' title='bbox 876 2417 1106 2478; x_wconf 77' lang='grc' dir='ltr'><strong><em>σκοτοδυτοῦσα</em></strong></span> <span class='ocrx_word' id='word_1_189' title='bbox 1129 2409 1148 2494; x_wconf 78' lang='grc' dir='ltr'><em>ἦ</em></span> <span class='ocrx_word' id='word_1_190' title='bbox 1170 2415 1232 2492; x_wconf 78' lang='grc' dir='ltr'><strong><em>τῶν</em></strong></span> <span class='ocrx_word' id='word_1_191' title='bbox 1251 2413 1328 2476; x_wconf 82' lang='lat' dir='ltr'>’ltu-</span> 
     </span>
     <span class='ocr_line' id='line_1_23' title="bbox 221 2509 1327 2596; baseline 0 -21"><span class='ocrx_word' id='word_1_192' title='bbox 221 2514 353 2576; x_wconf 88' lang='grc' dir='ltr'><strong><em>αννίνοον</em></strong></span> <span class='ocrx_word' id='word_1_193' title='bbox 373 2509 566 2596; x_wconf 82' lang='grc' dir='ltr'><strong><em>μητρόπολις</em></strong></span> <span class='ocrx_word' id='word_1_194' title='bbox 590 2513 718 2594; x_wconf 80' lang='grc' dir='ltr'><strong><em>γίνεται,</em></strong></span> <span class='ocrx_word' id='word_1_195' title='bbox 740 2513 795 2576; x_wconf 85' lang='grc' dir='ltr'><strong><em>τὸν</em></strong></span> <span class='ocrx_word' id='word_1_196' title='bbox 822 2517 957 2594; x_wconf 80' lang='grc' dir='ltr'><strong><em>ποιμένα</em></strong></span> <span class='ocrx_word' id='word_1_197' title='bbox 982 2510 1099 2596; x_wconf 76' lang='grc' dir='ltr'><strong><em>ἑαυτῆς</em></strong></span> <span class='ocrx_word' id='word_1_198' title='bbox 1120 2511 1165 2596; x_wconf 66' lang='grc' dir='ltr'><strong><em>μή</em></strong></span> <span class='ocrx_word' id='word_1_199' title='bbox 1190 2510 1327 2594; x_wconf 80' lang='grc' dir='ltr'><strong><em>ἔχουσα,</em></strong></span> 
     </span>
     <span class='ocr_line' id='line_1_24' title="bbox 221 2603 1326 2704; baseline 0 -28"><span class='ocrx_word' id='word_1_200' title='bbox 221 2613 280 2686; x_wconf 76' lang='grc' dir='ltr'><strong><em>ἕως</em></strong></span> <span class='ocrx_word' id='word_1_201' title='bbox 302 2603 341 2674; x_wconf 72' lang='grc' dir='ltr'><strong><em>οὗ</em></strong></span> <span class='ocrx_word' id='word_1_202' title='bbox 362 2611 417 2677; x_wconf 85' lang='grc' dir='ltr'><strong><em>καί</em></strong></span> <span class='ocrx_word' id='word_1_203' title='bbox 436 2615 481 2688; x_wconf 81' lang='grc' dir='ltr'><strong><em>εἰς</em></strong></span> <span class='ocrx_word' id='word_1_204' title='bbox 502 2617 637 2697; x_wconf 84' lang='grc' dir='ltr'><strong><em>παντελῆ</em></strong></span> <span class='ocrx_word' id='word_1_205' title='bbox 660 2613 834 2704; x_wconf 25' lang='grc' dir='ltr'><strong><em>ε’ρημιάνὶἦ</em></strong></span> <span class='ocrx_word' id='word_1_206' title='bbox 860 2617 1007 2699; x_wconf 83' lang='grc' dir='ltr'><strong><em>ἐκκλησία</em></strong></span> <span class='ocrx_word' id='word_1_207' title='bbox 1032 2611 1114 2698; x_wconf 73' lang='grc' dir='ltr'><strong><em>αὕτη</em></strong></span> <span class='ocrx_word' id='word_1_208' title='bbox 1135 2613 1326 2697; x_wconf 73' lang='grc' dir='ltr'><strong><em>κατήντησε.</em></strong></span> 
     </span>
     <span class='ocr_line' id='line_1_25' title="bbox 220 2709 1326 2804; baseline 0.002 -28"><span class='ocrx_word' id='word_1_209' title='bbox 220 2709 276 2777; x_wconf 85' lang='grc' dir='ltr'><strong><em>καί</em></strong></span> <span class='ocrx_word' id='word_1_210' title='bbox 297 2711 499 2800; x_wconf 79' lang='grc' dir='ltr'><strong><em>χορτοθηκας</em></strong></span> <span class='ocrx_word' id='word_1_211' title='bbox 538 2717 592 2779; x_wconf 85' lang='grc' dir='ltr'><strong><em>καί</em></strong></span> <span class='ocrx_word' id='word_1_212' title='bbox 621 2716 809 2802; x_wconf 78' lang='grc' dir='ltr'><strong><em>σιτοθηκαςΙ</em></strong></span> <span class='ocrx_word' id='word_1_213' title='bbox 827 2713 866 2779; x_wconf 77' lang='grc' dir='ltr'><strong><em>τὰ</em></strong></span> <span class='ocrx_word' id='word_1_214' title='bbox 904 2718 938 2780; x_wconf 80' lang='grc' dir='ltr'><strong><em>ἐν</em></strong></span> <span class='ocrx_word' id='word_1_215' title='bbox 970 2717 1051 2804; x_wconf 80' lang='grc' dir='ltr'><strong><em>ου’τῇ</em></strong></span> <span class='ocrx_word' id='word_1_216' title='bbox 1078 2713 1233 2800; x_wconf 81' lang='grc' dir='ltr'><strong><em>οἰκήματα</em></strong></span> <span class='ocrx_word' id='word_1_217' title='bbox 1260 2739 1326 2778; x_wconf 87' lang='grc' dir='ltr'><strong><em>πε-</em></strong></span> 
     </span>
    </p>
   </div>
   <div class='ocr_carea' id='block_1_3' title="bbox 220 2949 1324 3233">
    <p class='ocr_par' dir='ltr' id='par_1_6' title="bbox 220 2949 1324 3233">
     <span class='ocr_line' id='line_1_26' title="bbox 320 2949 1324 3022; baseline 0.002 -19"><span class='ocrx_word' id='word_1_218' title='bbox 320 2951 417 3022; x_wconf 86' lang='lat' dir='ltr'>Neque</span> <span class='ocrx_word' id='word_1_219' title='bbox 433 2952 576 3007; x_wconf 79' lang='lat' dir='ltr'>loannitse</span> <span class='ocrx_word' id='word_1_220' title='bbox 602 2949 689 3004; x_wconf 81' lang='lat' dir='ltr'>maius</span> <span class='ocrx_word' id='word_1_221' title='bbox 708 2955 747 3004; x_wconf 83' lang='lat' dir='ltr'><strong><em>&#39;se</em></strong></span> <span class='ocrx_word' id='word_1_222' title='bbox 767 2953 866 3004; x_wconf 82' lang='lat' dir='ltr'>malum</span> <span class='ocrx_word' id='word_1_223' title='bbox 894 2953 1022 3022; x_wconf 83' lang='lat' dir='ltr'>accipere</span> <span class='ocrx_word' id='word_1_224' title='bbox 1042 2959 1198 3016; x_wconf 82' lang='lat' dir='ltr'>senserunt,</span> <span class='ocrx_word' id='word_1_225' title='bbox 1218 2953 1324 3006; x_wconf 79' lang='lat' dir='ltr'>etenim</span> 
     </span>
     <span class='ocr_line' id='line_1_27' title="bbox 225 3023 1324 3091; baseline 0.004 -19"><span class='ocrx_word' id='word_1_226' title='bbox 225 3037 285 3072; x_wconf 90' lang='lat' dir='ltr'><strong><em>cum</em></strong></span> <span class='ocrx_word' id='word_1_227' title='bbox 311 3023 467 3072; x_wconf 80' lang='lat' dir='ltr'>servitutem</span> <span class='ocrx_word' id='word_1_228' title='bbox 495 3037 543 3091; x_wconf 85' lang='lat' dir='ltr'><strong><em>per</em></strong></span> <span class='ocrx_word' id='word_1_229' title='bbox 576 3023 717 3074; x_wconf 81' lang='lat' dir='ltr'>Albsnitas</span> <span class='ocrx_word' id='word_1_230' title='bbox 743 3024 897 3076; x_wconf 78' lang='lat' dir='ltr'>instantem·</span> <span class='ocrx_word' id='word_1_231' title='bbox 915 3025 1058 3090; x_wconf 85' lang='lat' dir='ltr'>fugerent,</span> <span class='ocrx_word' id='word_1_232' title='bbox 1085 3025 1114 3074; x_wconf 90' lang='lat' dir='ltr'><strong><em>in</em></strong></span> <span class='ocrx_word' id='word_1_233' title='bbox 1141 3023 1241 3080; x_wconf 83' lang='lat' dir='ltr'>mniurs</span> <span class='ocrx_word' id='word_1_234' title='bbox 1260 3041 1324 3076; x_wconf 88' lang='lat' dir='ltr'>sese</span> 
     </span>
     <span class='ocr_line' id='line_1_28' title="bbox 223 3091 1323 3163; baseline 0.005 -21"><span class='ocrx_word' id='word_1_235' title='bbox 223 3091 294 3156; x_wconf 81' lang='lat' dir='ltr'>mals</span> <span class='ocrx_word' id='word_1_236' title='bbox 313 3095 513 3160; x_wconf 85' lang='lat' dir='ltr'>proripuerunt.</span> <span class='ocrx_word' id='word_1_237' title='bbox 561 3102 617 3145; x_wconf 92' lang='lat' dir='ltr'><strong><em>tum</em></strong></span> <span class='ocrx_word' id='word_1_238' title='bbox 643 3095 726 3161; x_wconf 83' lang='lat' dir='ltr'>igitur</span> <span class='ocrx_word' id='word_1_239' title='bbox 757 3095 838 3162; x_wconf 77' lang='lat' dir='ltr'>legati</span> <span class='ocrx_word' id='word_1_240' title='bbox 860 3095 993 3146; x_wconf 85' lang='lat' dir='ltr'>Bodeuum</span> <span class='ocrx_word' id='word_1_241' title='bbox 1025 3111 1119 3163; x_wconf 85' lang='lat' dir='ltr'>arege</span> <span class='ocrx_word' id='word_1_242' title='bbox 1140 3102 1168 3146; x_wconf 90' lang='lat' dir='ltr'><strong><em>et</em></strong></span> <span class='ocrx_word' id='word_1_243' title='bbox 1186 3095 1323 3148; x_wconf 81' lang='lat' dir='ltr'>Ioannitis</span> 
     </span>
     <span class='ocr_line' id='line_1_29' title="bbox 220 3161 1324 3233; baseline 0.005 -21"><span class='ocrx_word' id='word_1_244' title='bbox 220 3161 367 3212; x_wconf 83' lang='lat' dir='ltr'>mittuntur</span> <span class='ocrx_word' id='word_1_245' title='bbox 386 3161 438 3226; x_wconf 76' lang='lat' dir='ltr'>(ibi</span> <span class='ocrx_word' id='word_1_246' title='bbox 465 3165 536 3214; x_wconf 90' lang='lat' dir='ltr'>euim</span> <span class='ocrx_word' id='word_1_247' title='bbox 557 3163 674 3215; x_wconf 77' lang='lat' dir='ltr'>Thomas</span> <span class='ocrx_word' id='word_1_248' title='bbox 706 3164 866 3232; x_wconf 32' lang='lat' dir='ltr'>habitabat).</span> <span class='ocrx_word' id='word_1_249' title='bbox 889 3175 917 3217; x_wconf 92' lang='lat' dir='ltr'><strong><em>et</em></strong></span> <span class='ocrx_word' id='word_1_250' title='bbox 935 3165 1063 3218; x_wconf 87' lang='lat' dir='ltr'>deleruut</span> <span class='ocrx_word' id='word_1_251' title='bbox 1088 3167 1112 3216; x_wconf 89' lang='lat' dir='ltr'><strong><em>ei</em></strong></span> <span class='ocrx_word' id='word_1_252' title='bbox 1133 3167 1207 3233; x_wconf 85' lang='lat' dir='ltr'>regui</span> <span class='ocrx_word' id='word_1_253' title='bbox 1229 3169 1324 3218; x_wconf 77' lang='lat' dir='ltr'>omnis</span> 
     </span>
    </p>
   </div>
   <div class='ocr_carea' id='block_1_4' title="bbox 126 3231 1322 3307">
    <p class='ocr_par' dir='ltr' id='par_1_7' title="bbox 126 3231 1322 3307">
     <span class='ocr_line' id='line_1_30' title="bbox 126 3231 1322 3307; baseline 0.007 -27"><span class='ocrx_word' id='word_1_254' title='bbox 126 3255 153 3280; x_wconf 59' lang='lat' dir='ltr'>a</span> <span class='ocrx_word' id='word_1_255' title='bbox 221 3231 365 3298; x_wconf 68' lang='lat' dir='ltr'>insignis·</span> <span class='ocrx_word' id='word_1_256' title='bbox 384 3233 481 3302; x_wconf 77' lang='lat' dir='ltr'>accipit</span> <span class='ocrx_word' id='word_1_257' title='bbox 511 3233 669 3300; x_wconf 83' lang='lat' dir='ltr'>dignitatem</span> <span class='ocrx_word' id='word_1_258' title='bbox 691 3235 825 3298; x_wconf 81' lang='lat' dir='ltr'><strong>Thomas,</strong></span> <span class='ocrx_word' id='word_1_259' title='bbox 846 3254 931 3306; x_wconf 86' lang='lat' dir='ltr'>prono</span> <span class='ocrx_word' id='word_1_260' title='bbox 958 3237 1048 3288; x_wconf 86' lang='lat' dir='ltr'>auimo</span> <span class='ocrx_word' id='word_1_261' title='bbox 1067 3237 1170 3304; x_wconf 77' lang='lat' dir='ltr'>legatos</span> <span class='ocrx_word' id='word_1_262' title='bbox 1189 3239 1322 3307; x_wconf 87' lang='lat' dir='ltr'>sequitur,</span> 
     </span>
    </p>
   </div>
   <div class='ocr_carea' id='block_1_5' title="bbox 150 3301 1333 4236">
    <p class='ocr_par' dir='ltr' id='par_1_8' title="bbox 222 3301 1333 3876">
     <span class='ocr_line' id='line_1_31' title="bbox 222 3301 1321 3376; baseline 0.006 -24"><span class='ocrx_word' id='word_1_263' title='bbox 222 3301 374 3372; x_wconf 84' lang='lat' dir='ltr'>recipitque</span> <span class='ocrx_word' id='word_1_264' title='bbox 394 3305 553 3357; x_wconf 80' lang='lat' dir='ltr'>loanniuam</span> <span class='ocrx_word' id='word_1_265' title='bbox 573 3305 665 3358; x_wconf 85' lang='lat' dir='ltr'>urbem</span> <span class='ocrx_word' id='word_1_266' title='bbox 692 3307 827 3358; x_wconf 85' lang='lat' dir='ltr'>celebrem</span> <span class='ocrx_word' id='word_1_267' title='bbox 853 3317 912 3358; x_wconf 87' lang='lat' dir='ltr'>culn</span> <span class='ocrx_word' id='word_1_268' title='bbox 930 3308 1058 3374; x_wconf 80' lang='lat' dir='ltr'>Angeliea&#39;</span> <span class='ocrx_word' id='word_1_269' title='bbox 1078 3308 1256 3376; x_wconf 74' lang='lat' dir='ltr'>Pstasotoga,</span> <span class='ocrx_word' id='word_1_270' title='bbox 1275 3327 1321 3359; x_wconf 88' lang='lat' dir='ltr'><strong><em>re-</em></strong></span> 
     </span>
     <span class='ocr_line' id='line_1_32' title="bbox 223 3372 1333 3448; baseline 0.005 -26"><span class='ocrx_word' id='word_1_271' title='bbox 223 3372 287 3441; x_wconf 78' lang='lat' dir='ltr'>gina</span> <span class='ocrx_word' id='word_1_272' title='bbox 303 3374 358 3442; x_wconf 82' lang='lat' dir='ltr'>pis,</span> <span class='ocrx_word' id='word_1_273' title='bbox 375 3392 444 3445; x_wconf 87' lang='lat' dir='ltr'>quae</span> <span class='ocrx_word' id='word_1_274' title='bbox 464 3375 544 3432; x_wconf 88' lang='lat' dir='ltr'>huius</span> <span class='ocrx_word' id='word_1_275' title='bbox 558 3379 770 3430; x_wconf 76' lang='lat' dir='ltr'>eratcsrissima</span> <span class='ocrx_word' id='word_1_276' title='bbox 793 3395 868 3441; x_wconf 83' lang='lat' dir='ltr'>usur,</span> <span class='ocrx_word' id='word_1_277' title='bbox 891 3395 962 3430; x_wconf 83' lang='lat' dir='ltr'>anuo</span> <span class='ocrx_word' id='word_1_278' title='bbox 976 3377 1055 3442; x_wconf 78' lang='lat'><strong>6875,</strong></span> <span class='ocrx_word' id='word_1_279' title='bbox 1072 3378 1173 3448; x_wconf 82' lang='lat' dir='ltr'>p..Clrr.</span> <span class='ocrx_word' id='word_1_280' title='bbox 1192 3397 1219 3430; x_wconf 87' lang='lat' dir='ltr'><strong><em>n.</em></strong></span> <span class='ocrx_word' id='word_1_281' title='bbox 1242 3379 1333 3442; x_wconf 82' lang='lat'>1367,.</span> 
     </span>
     <span class='ocr_line' id='line_1_33' title="bbox 222 3445 1322 3518; baseline 0.007 -24"><span class='ocrx_word' id='word_1_282' title='bbox 222 3460 312 3495; x_wconf 86' lang='lat' dir='ltr'>secum</span> <span class='ocrx_word' id='word_1_283' title='bbox 333 3445 469 3498; x_wconf 78' lang='lat' dir='ltr'>adducens</span> <span class='ocrx_word' id='word_1_284' title='bbox 491 3449 572 3499; x_wconf 79' lang='lat' dir='ltr'>etium</span> <span class='ocrx_word' id='word_1_285' title='bbox 602 3451 747 3502; x_wconf 77' lang='lat' dir='ltr'>exercitum</span> <span class='ocrx_word' id='word_1_286' title='bbox 771 3467 827 3503; x_wconf 87' lang='lat' dir='ltr'><strong><em>non</em></strong></span> <span class='ocrx_word' id='word_1_287' title='bbox 853 3452 890 3501; x_wconf 81' lang='lat' dir='ltr'><strong><em>ita</em></strong></span> <span class='ocrx_word' id='word_1_288' title='bbox 918 3466 1052 3518; x_wconf 76' lang='lat' dir='ltr'>magnum.</span> <span class='ocrx_word' id='word_1_289' title='bbox 1098 3449 1322 3502; x_wconf 79' lang='lat' dir='ltr'>losuuitueeum</span> 
     </span>
     <span class='ocr_line' id='line_1_34' title="bbox 223 3516 1323 3584; baseline 0.006 -18"><span class='ocrx_word' id='word_1_290' title='bbox 223 3516 326 3584; x_wconf 83' lang='lat' dir='ltr'>supinis</span> <span class='ocrx_word' id='word_1_291' title='bbox 345 3519 468 3569; x_wconf 83' lang='lat' dir='ltr'>munibus</span> <span class='ocrx_word' id='word_1_292' title='bbox 486 3521 513 3570; x_wconf 92' lang='lat' dir='ltr'><strong><em>in</em></strong></span> <span class='ocrx_word' id='word_1_293' title='bbox 535 3519 625 3572; x_wconf 86' lang='lat' dir='ltr'>urbem</span> <span class='ocrx_word' id='word_1_294' title='bbox 645 3522 719 3572; x_wconf 84' lang='lat' dir='ltr'>suani</span> <span class='ocrx_word' id='word_1_295' title='bbox 735 3522 857 3572; x_wconf 82' lang='lat' dir='ltr'>maximis</span> <span class='ocrx_word' id='word_1_296' title='bbox 876 3537 934 3570; x_wconf 86' lang='lat' dir='ltr'><strong><em>cum</em></strong></span> <span class='ocrx_word' id='word_1_297' title='bbox 949 3521 1112 3572; x_wconf 82' lang='lat' dir='ltr'>&#39;clamoribus</span> <span class='ocrx_word' id='word_1_298' title='bbox 1133 3529 1160 3572; x_wconf 89' lang='lat' dir='ltr'><strong><em>et</em></strong></span> <span class='ocrx_word' id='word_1_299' title='bbox 1181 3521 1323 3573; x_wconf 77' lang='lat' dir='ltr'>laudatio·</span> 
     </span>
     <span class='ocr_line' id='line_1_35' title="bbox 222 3586 1322 3661; baseline 0.005 -23"><span class='ocrx_word' id='word_1_300' title='bbox 222 3586 307 3638; x_wconf 85' lang='lat' dir='ltr'>nibus.</span> <span class='ocrx_word' id='word_1_301' title='bbox 333 3589 478 3658; x_wconf 88' lang='lat' dir='ltr'>recipiunt.</span> <span class='ocrx_word' id='word_1_302' title='bbox 524 3591 571 3641; x_wconf 88' lang='lat' dir='ltr'>ille</span> <span class='ocrx_word' id='word_1_303' title='bbox 596 3600 686 3642; x_wconf 81' lang='lat' dir='ltr'>erstem</span> <span class='ocrx_word' id='word_1_304' title='bbox 714 3593 787 3660; x_wconf 86' lang='lat' dir='ltr'>pelle</span> <span class='ocrx_word' id='word_1_305' title='bbox 815 3592 903 3661; x_wconf 80' lang='lat' dir='ltr'>vulpis</span> <span class='ocrx_word' id='word_1_306' title='bbox 932 3591 1045 3642; x_wconf 87' lang='lat' dir='ltr'>indutus</span> <span class='ocrx_word' id='word_1_307' title='bbox 1076 3599 1148 3644; x_wconf 85' lang='lat' dir='ltr'>tecte</span> <span class='ocrx_word' id='word_1_308' title='bbox 1173 3601 1201 3644; x_wconf 86' lang='lat' dir='ltr'><strong><em>et</em></strong></span> <span class='ocrx_word' id='word_1_309' title='bbox 1221 3593 1322 3644; x_wconf 84' lang='lat' dir='ltr'>dolose</span> 
     </span>
     <span class='ocr_line' id='line_1_36' title="bbox 223 3658 1322 3732; baseline 0.008 -25"><span class='ocrx_word' id='word_1_310' title='bbox 223 3675 317 3709; x_wconf 86' lang='lat' dir='ltr'>omnes</span> <span class='ocrx_word' id='word_1_311' title='bbox 336 3658 369 3709; x_wconf 85' lang='lat' dir='ltr'><strong><em>ad</em></strong></span> <span class='ocrx_word' id='word_1_312' title='bbox 389 3677 417 3710; x_wconf 81' lang='lat' dir='ltr'><strong><em>se</em></strong></span> <span class='ocrx_word' id='word_1_313' title='bbox 438 3662 536 3724; x_wconf 79' lang='lat' dir='ltr'><strong>traxit,</strong></span> <span class='ocrx_word' id='word_1_314' title='bbox 556 3677 647 3730; x_wconf 89' lang='lat' dir='ltr'>neque</span> <span class='ocrx_word' id='word_1_315' title='bbox 673 3663 788 3714; x_wconf 79' lang='lat' dir='ltr'>multum</span> <span class='ocrx_word' id='word_1_316' title='bbox 809 3663 934 3714; x_wconf 82' lang='lat' dir='ltr'>interfuit</span> <span class='ocrx_word' id='word_1_317' title='bbox 952 3672 1068 3732; x_wconf 89' lang='lat' dir='ltr'>tempus,</span> <span class='ocrx_word' id='word_1_318' title='bbox 1095 3671 1123 3714; x_wconf 88' lang='lat' dir='ltr'><strong><em>et</em></strong></span> <span class='ocrx_word' id='word_1_319' title='bbox 1142 3663 1230 3731; x_wconf 85' lang='lat' dir='ltr'>vulpis</span> <span class='ocrx_word' id='word_1_320' title='bbox 1246 3665 1322 3732; x_wconf 87' lang='lat' dir='ltr'>pelle</span> 
     </span>
     <span class='ocr_line' id='line_1_37' title="bbox 225 3723 1322 3804; baseline 0.007 -26"><span class='ocrx_word' id='word_1_321' title='bbox 225 3737 305 3782; x_wconf 77' lang='lat' dir='ltr'>exuta</span> <span class='ocrx_word' id='word_1_322' title='bbox 325 3729 412 3782; x_wconf 85' lang='lat' dir='ltr'>leonis</span> <span class='ocrx_word' id='word_1_323' title='bbox 431 3723 522 3782; x_wconf 87' lang='lat' dir='ltr'>indu&#39;it</span> <span class='ocrx_word' id='word_1_324' title='bbox 542 3732 651 3800; x_wconf 88' lang='lat' dir='ltr'>pellem.</span> <span class='ocrx_word' id='word_1_325' title='bbox 699 3742 779 3804; x_wconf 89' lang='lat' dir='ltr'>atque</span> <span class='ocrx_word' id='word_1_326' title='bbox 798 3736 912 3804; x_wconf 89' lang='lat' dir='ltr'>primum</span> <span class='ocrx_word' id='word_1_327' title='bbox 931 3733 1042 3802; x_wconf 85' lang='lat' dir='ltr'>quidem</span> <span class='ocrx_word' id='word_1_328' title='bbox 1065 3743 1156 3786; x_wconf 80' lang='lat' dir='ltr'>contra</span> <span class='ocrx_word' id='word_1_329' title='bbox 1177 3735 1322 3786; x_wconf 83' lang='lat' dir='ltr'>ecclesiam</span> 
     </span>
     <span class='ocr_line' id='line_1_38' title="bbox 223 3802 865 3876; baseline 0.011 -26"><span class='ocrx_word' id='word_1_330' title='bbox 223 3816 251 3850; x_wconf 87' lang='lat' dir='ltr'><strong><em>se</em></strong></span> <span class='ocrx_word' id='word_1_331' title='bbox 271 3802 414 3860; x_wconf 80' lang='lat' dir='ltr'>convertit,</span> <span class='ocrx_word' id='word_1_332' title='bbox 432 3809 460 3852; x_wconf 90' lang='lat' dir='ltr'><strong><em>et</em></strong></span> <span class='ocrx_word' id='word_1_333' title='bbox 479 3811 614 3871; x_wconf 80' lang='lat' dir='ltr'><strong>pastorem</strong></span> <span class='ocrx_word' id='word_1_334' title='bbox 632 3804 690 3856; x_wconf 85' lang='lat' dir='ltr'>eius</span> <span class='ocrx_word' id='word_1_335' title='bbox 710 3805 830 3876; x_wconf 73' lang='lat' dir='ltr'>expellit.</span> <span class='ocrx_word' id='word_1_336' title='bbox 863 3867 865 3870; x_wconf 21' lang='lat'><strong><em>¹</em></strong></span> 
     </span>
    </p>

    <p class='ocr_par' dir='ltr' id='par_1_9' title="bbox 150 3871 1322 4236">
     <span class='ocr_line' id='line_1_39' title="bbox 321 3871 1322 3938; baseline 0.007 -17"><span class='ocrx_word' id='word_1_337' title='bbox 321 3872 383 3924; x_wconf 83' lang='lat' dir='ltr'>Fuit</span> <span class='ocrx_word' id='word_1_338' title='bbox 403 3872 448 3922; x_wconf 86' lang='lat' dir='ltr'><strong><em>hic</em></strong></span> <span class='ocrx_word' id='word_1_339' title='bbox 471 3871 653 3938; x_wconf 80' lang='lat' dir='ltr'><strong><em>Sebastianus,</em></strong></span> <span class='ocrx_word' id='word_1_340' title='bbox 673 3876 712 3926; x_wconf 89' lang='lat' dir='ltr'><strong><em>vir</em></strong></span> <span class='ocrx_word' id='word_1_341' title='bbox 731 3877 807 3928; x_wconf 84' lang='lat' dir='ltr'>factis</span> <span class='ocrx_word' id='word_1_342' title='bbox 827 3884 855 3928; x_wconf 88' lang='lat' dir='ltr'><strong><em>et</em></strong></span> <span class='ocrx_word' id='word_1_343' title='bbox 873 3877 961 3928; x_wconf 88' lang='lat' dir='ltr'>verbis</span> <span class='ocrx_word' id='word_1_344' title='bbox 981 3877 1078 3930; x_wconf 79' lang='lat' dir='ltr'>clerus.</span> <span class='ocrx_word' id='word_1_345' title='bbox 1125 3877 1208 3930; x_wconf 81' lang='lat' dir='ltr'>iustas</span> <span class='ocrx_word' id='word_1_346' title='bbox 1230 3877 1322 3929; x_wconf 84' lang='lat' dir='ltr'>eccle·</span> 
     </span>
     <span class='ocr_line' id='line_1_40' title="bbox 222 3938 1321 4016; baseline 0.009 -26"><span class='ocrx_word' id='word_1_347' title='bbox 222 3938 277 3990; x_wconf 81' lang='lat' dir='ltr'>siae</span> <span class='ocrx_word' id='word_1_348' title='bbox 300 3943 379 3994; x_wconf 88' lang='lat' dir='ltr'>urbes</span> <span class='ocrx_word' id='word_1_349' title='bbox 408 3951 435 3994; x_wconf 87' lang='lat' dir='ltr'><strong><em>et</em></strong></span> <span class='ocrx_word' id='word_1_350' title='bbox 454 3945 638 4013; x_wconf 81' lang='lat' dir='ltr'>possessiones</span> <span class='ocrx_word' id='word_1_351' title='bbox 662 3947 764 4011; x_wconf 78' lang='lat' dir='ltr'>aufert,</span> <span class='ocrx_word' id='word_1_352' title='bbox 791 3956 819 3999; x_wconf 88' lang='lat' dir='ltr'><strong><em>et</em></strong></span> <span class='ocrx_word' id='word_1_353' title='bbox 847 3947 937 4000; x_wconf 88' lang='lat' dir='ltr'>Serbis</span> <span class='ocrx_word' id='word_1_354' title='bbox 968 3950 1022 4000; x_wconf 82' lang='lat' dir='ltr'>suis</span> <span class='ocrx_word' id='word_1_355' title='bbox 1042 3947 1154 4015; x_wconf 83' lang='lat' dir='ltr'>tribuit3</span> <span class='ocrx_word' id='word_1_356' title='bbox 1187 3957 1214 4000; x_wconf 91' lang='lat' dir='ltr'><strong><em>et</em></strong></span> <span class='ocrx_word' id='word_1_357' title='bbox 1232 3949 1321 4016; x_wconf 74' lang='lat' dir='ltr'>nigre,</span> 
     </span>
     <span class='ocr_line' id='line_1_41' title="bbox 221 4007 1320 4088; baseline 0.013 -30"><span class='ocrx_word' id='word_1_358' title='bbox 221 4007 292 4065; x_wconf 86' lang='lat' dir='ltr'>heu!</span> <span class='ocrx_word' id='word_1_359' title='bbox 314 4021 341 4064; x_wconf 91' lang='lat' dir='ltr'><strong><em>et</em></strong></span> <span class='ocrx_word' id='word_1_360' title='bbox 359 4013 471 4066; x_wconf 85' lang='lat' dir='ltr'>obscura</span> <span class='ocrx_word' id='word_1_361' title='bbox 491 4015 520 4065; x_wconf 87' lang='lat' dir='ltr'><strong><em>lit</em></strong></span> <span class='ocrx_word' id='word_1_362' title='bbox 538 4017 668 4068; x_wconf 77' lang='grc' dir='ltr'><strong><em>λοιποῖσι</em></strong></span> <span class='ocrx_word' id='word_1_363' title='bbox 682 4019 850 4088; x_wconf 84' lang='lat' dir='ltr'>metropolis,</span> <span class='ocrx_word' id='word_1_364' title='bbox 868 4037 927 4070; x_wconf 86' lang='lat' dir='ltr'><strong><em>eum</em></strong></span> <span class='ocrx_word' id='word_1_365' title='bbox 941 4027 1074 4088; x_wconf 79' lang='lat' dir='ltr'>pastorem</span> <span class='ocrx_word' id='word_1_366' title='bbox 1091 4038 1167 4072; x_wconf 88' lang='lat' dir='ltr'>suum</span> <span class='ocrx_word' id='word_1_367' title='bbox 1186 4038 1242 4072; x_wconf 89' lang='lat' dir='ltr'><strong><em>uun</em></strong></span> <span class='ocrx_word' id='word_1_368' title='bbox 1265 4022 1320 4072; x_wconf 82' lang='lat' dir='ltr'><strong><em>ism</em></strong></span> 
     </span>
     <span class='ocr_line' id='line_1_42' title="bbox 150 4077 1320 4161; baseline 0.015 -36"><span class='ocrx_word' id='word_1_369' title='bbox 150 4132 152 4140; x_wconf 23' lang='lat' dir='ltr'>y</span> <span class='ocrx_word' id='word_1_370' title='bbox 222 4077 350 4146; x_wconf 81' lang='lat' dir='ltr'>haberet;</span> <span class='ocrx_word' id='word_1_371' title='bbox 377 4084 463 4136; x_wconf 88' lang='lat' dir='ltr'>donec</span> <span class='ocrx_word' id='word_1_372' title='bbox 486 4087 565 4138; x_wconf 84' lang='lat' dir='ltr'>etism</span> <span class='ocrx_word' id='word_1_373' title='bbox 595 4087 629 4140; x_wconf 85' lang='lat' dir='ltr'><strong><em>ad</em></strong></span> <span class='ocrx_word' id='word_1_374' title='bbox 650 4090 825 4142; x_wconf 88' lang='lat' dir='ltr'>solitudinem</span> <span class='ocrx_word' id='word_1_375' title='bbox 844 4092 954 4161; x_wconf 82' lang='lat' dir='ltr'>plenem</span> <span class='ocrx_word' id='word_1_376' title='bbox 979 4091 1094 4144; x_wconf 84' lang='lat' dir='ltr'>eeclesia</span> <span class='ocrx_word' id='word_1_377' title='bbox 1116 4091 1183 4144; x_wconf 78' lang='lat' dir='ltr'>haec</span> <span class='ocrx_word' id='word_1_378' title='bbox 1201 4091 1320 4152; x_wconf 78' lang='lat' dir='ltr'>desueu-</span> 
     </span>
     <span class='ocr_line' id='line_1_43' title="bbox 222 4145 1318 4236; baseline 0.013 -36"><span class='ocrx_word' id='word_1_379' title='bbox 222 4145 280 4212; x_wconf 88' lang='lat' dir='ltr'>dit,</span> <span class='ocrx_word' id='word_1_380' title='bbox 300 4161 328 4204; x_wconf 85' lang='lat' dir='ltr'><strong><em>et</em></strong></span> <span class='ocrx_word' id='word_1_381' title='bbox 358 4153 479 4208; x_wconf 75' lang='lat' dir='ltr'><strong><em>aedificia</em></strong></span> <span class='ocrx_word' id='word_1_382' title='bbox 507 4157 565 4216; x_wconf 86' lang='lat' dir='ltr'>eius</span> <span class='ocrx_word' id='word_1_383' title='bbox 594 4157 712 4214; x_wconf 79' lang='lat' dir='ltr'>reddidit</span> <span class='ocrx_word' id='word_1_384' title='bbox 743 4163 826 4214; x_wconf 80' lang='lat' dir='ltr'>cellas</span> <span class='ocrx_word' id='word_1_385' title='bbox 842 4162 937 4234; x_wconf 86' lang='lat' dir='ltr'>psbuli</span> <span class='ocrx_word' id='word_1_386' title='bbox 959 4171 987 4216; x_wconf 87' lang='lat' dir='ltr'><strong><em>et</em></strong></span> <span class='ocrx_word' id='word_1_387' title='bbox 1005 4163 1150 4230; x_wconf 79' lang='lat' dir='ltr'>frumenti,</span> <span class='ocrx_word' id='word_1_388' title='bbox 1170 4170 1198 4218; x_wconf 86' lang='lat' dir='ltr'><strong><em>et</em></strong></span> <span class='ocrx_word' id='word_1_389' title='bbox 1219 4171 1318 4236; x_wconf 83' lang='lat' dir='ltr'>postes</span> 
     </span>
    </p>
   </div>
   <div class='ocr_carea' id='block_1_6' title="bbox 0 0 1481 4830">
    <p class='ocr_par' dir='ltr' id='par_1_10' title="bbox 0 0 1481 4830">
     <span class='ocr_line' id='line_1_44' title="bbox 0 0 1481 4830; baseline 0 0"><span class='ocrx_word' id='word_1_390' title='bbox 0 0 1481 4830; x_wconf 95' lang='lat' dir='ltr'><strong><em> </em></strong></span> 
     </span>
    </p>
   </div>
  </div>
 </body>
</html>
