2954 4816
504 249 821 320 Ptmttucfflct.
974 351 979 360 ,
1137 250 1210 324 159

117 397 248 488 ιιιῖξενρε
269 394 318 463 ὅτι
339 399 384 472 εἷς
404 397 524 480 ἡμέρας
544 403 633 464 πέντε
655 397 732 476 ὅλας
754 427 813 478 σας
835 401 894 478 τοὶς
918 401 1082 488 ἐκκλησίας
1107 407 1162 471 καί
1175 407 1208 470 το“

114 505 344 582 πατριαρχεῖον
365 498 488 580 χαλοῦν
516 495 639 562 alniasi
664 505 814 580 θεμέλια,
841 497 890 566 ὅτι
914 508 1067 587 φιϊτιφᾶς
1087 506 1212 588 εέγῆκε,

112 597 254 682 κὰστρον,
276 594 358 659 ὅποῦ
382 593 419 659 aui
443 599 598 672 πολεμοῦν
620 599 677 660 καί
696 597 734 662 vt
757 597 793 662 τό
813 602 960 681 νικησονν
980 606 1020 679 μὲ
1043 601 1078 664 τέ
1100 607 1213 686 onorii

113 686 208 776 τονς,
245 698 314 758 ἐκεῖ
339 696 487 775 ἐκκλησία
509 689 671 777 Ῥωμαῖκη
693 695 731 759 νοὶ
751 699 851 779 μηδὲν
883 695 950 760 ἐνοιι
975 699 1113 780 τελείως,
1137 703 1212 766 oriali

89 795 149 863 5νὰ
169 793 385 876 εὑρισκεται.”
440 789 578 866 α’κούσας
612 795 647 856 δὲ
668 797 762 858 τοῦτο
785 794 801 856 ὃ
823 793 991 880 Ξενοίκης,
1010 797 1170 884 ἠλλοιώθη
1191 796 1210 884 ἡ

112 887 187 970 ὄψις
209 895 265 956 τοῦ
285 889 457 974 προσώπου
489 891 613 970 αὐτοῦ,
635 897 689 955 καί
709 893 824 973 ἐγίνετο
849 891 892 968 ὥς
913 893 1030 978 νεκρός,
1051 901 1106 960 καί
1125 897 1210 982 ἐτρε-

110 1015 159 1070 με.
204 987 424 1072 προσκυνήσας
455 991 490 1052 δέ
521 989 578 1051 τὸν
607 994 839 1075 καέδηλεοκέρη
865 993 994 1074 ον’γῆκεν
1022 995 1076 1056 ιιίί
1099 997 1210 1078 ον’τοῠ,

111 1089 165 1154 κατ’
185 1080 284 1173 ἦλθεν
305 1091 349 1161 είς
372 1085 427 1168 την
448 1089 588 1170 μεγάλην
608 1091 790 1171 ἐκκλησίαν,
814 1091 868 1154 καί
885 1093 981 1176 α’νέβη
1006 1093 1051 1166 είς
1071 1094 1125 1156 τὸν
1147 1121 1211 1158 πο-

110 1186 264 1271 τριιὶρχην
284 1182 364 1267 μετά
388 1190 512 1248 πολλῶν
535 1186 690 1267 δακρύων,
714 1195 769 1252 καί
782 1191 835 1252 aaa
858 1191 981 1254 ἐδύνετο
1002 1191 1040 1254 voi
1062 1190 1209 1279 ὁμιλήσῃ·
1264 1245 1266 1252 .

75 1289 165 1358 locui
185 1284 202 1350 ὃ
228 1286 428 1366 πατριάρχης
457 1286 561 1365 ἐρώτα
586 1285 686 1349 ον’τόν
707 1289 762 1350 “ar'
780 1286 851 1350 ἔναι
881 1288 899 1370 η“
922 1289 1003 1372 λύπη
1024 1313 1082 1356 σου
1104 1295 1158 1354 καί
1177 1295 1214 1357 τί

111 1383 145 1449 τὸ
169 1383 347 1468 δάκρυον,·”
371 1386 427 1445 καί
448 1380 530 1462 μετοὶ
564 1378 651 1464 ιῖίρας
670 1388 729 1448 τοῦ
751 1389 832 1465 λέγει
855 1391 1028 1472 ιιςοεϊτιφιῖς
1062 1389 1117 1454 καί
1137 1389 1209 1472 ὁρι-

110 1481 187 1563 σμὸς
211 1483 324 1565 είγῆκε
355 1481 412 1546 τοῦ
432 1485 600 1561 βασιλέως,
628 1479 687 1566 ὅτι,
709 1483 818 1567 ἐπειδὴ
844 1483 861 1567 ἦ
884 1483 975 1560 πόλις
996 1485 1122 1574 ἐπίρθη
1143 1487 1205 1552 aino*

109 1584 251 1646 σπαθίοο
273 1584 314 1662 μέ
329 1580 475 1661 πόλεμον,
498 1575 573 1676 ὅλας
595 1581 651 1655 τὰς
672 1586 837 1666 ἐκκλησίας
859 1588 921 1650 τοῖν
945 1590 1147 1670 Χριστιανῶν
1169 1587 1206 1654 vd

109 1677 289 1762 χαλᾶσονν,
316 1677 397 1743 ὀποῦ
418 1679 499 1744 εἶναι
522 1683 638 1760 μὲοα.”
681 1683 818 1758 duodone
839 1687 988 1750 δὲταῦτα
1010 1682 1026 1748 ὃ
1053 1687 1208 1770 πατριάρ-

72 1795 101 1846 15
108 1804 176 1862 χης,
201 1771 281 1862 ἦλθε
302 1783 400 1861 μέγας
423 1776 523 1862 φόβος
544 1784 600 1844 καί
618 1781 732 1860 τρόμος
753 1785 798 1856 εἰς
821 1783 930 1860 αὐτόν,
951 1785 1007 1848 καί
1026 1787 1209 1867 ἐκατέβινεν
1277 1843 1285 1852 .

109 1875 236 1959 ὃῖδρος
257 1881 317 1942 τοῦ
335 1875 506 1960 προσώπου
530 1879 627 1942 αὐτοῦ
650 1875 758 1960 ὥσπερ
780 1878 881 1962 βροχὴ
905 1879 967 1944 olari
990 1885 1048 1945 rori
1067 1884 1208 1962 ον’ρανοῦ
1276 1897 1280 1906 “

108 1979 152 2050 εἰς
175 1974 235 2058 την
255 1978 327 2060 γῆν.
371 1980 426 2040 καί
446 1979 500 2058 τῆς
524 1971 611 2058 douc
631 1979 762 2060 ἐκοτέβη
782 1981 866 2042 κάτω
886 1977 949 2042 αἰτό
974 1979 1010 2042 τὸ
1029 1985 1117 2044 θεῖον
1138 1985 1207 2044 κελ-

108 2078 173 2138 λίον
197 2075 317 2154 αὐτοῦ,
350 2074 406 2138 καί
428 2070 534 2155 ἐρισι,
555 2077 610 2140 καί
628 2070 756 2152 ἄνοιξαν
778 2075 836 2158 την
857 2074 1032 2160 ἐκκλησίαν.
1076 2082 1130 2144 καί
1148 2078 1208 2160 ἔμ-

109 2177 249 2256 προσθεν
275 2177 330 2256 τῆς
353 2172 470 2249 εἰκόνος
500 2177 556 2256 τῆς
576 2181 842 2257 παμμακαρίοτον
873 2175 1005 2261 ἐστάθη,
1028 2183 1083 2243 καί
1101 2180 1207 2262 παροί-

70 2280 218 2356 κθκλησιν
239 2274 272 2336 ἐκ
295 2275 402 2355 ψυχῆς
424 2272 502 2353 μετὰ
526 2272 673 2357 δακρύων
693 2273 824 2355 ἔψαλλε,
847 2274 979 2360 κοίτην
1002 2281 1208 2362 παμμακιέρι.

108 2395 181 2436 στον
207 2370 369 2456 η’σπάσθη.
415 2372 468 2436 καί
488 2370 588 2448 οὕτως
611 2376 702 2458 ἐξέβη
722 2377 756 2438 ἐκ
778 2379 835 2439 τοῦ
857 2381 947 2452 ναοῦ,
970 2380 1024 2442 καί
1044 2376 1079 2440 τὸ
1104 2378 1208 2458 μολό-

109 2494 177 2554 ριον
201 2472 439 2552 ἐκαβιιλίκευσε,
468 2473 520 2536 καί
542 2477 609 2552 μετ’
632 2467 733 2538 αὐτοῦ
756 2478 811 2538 τοῦ
830 2471 983 2557 ἄρχοντος
1004 2478 1062 2540 τοῦ
1083 2472 1206 2560 Ξινάκη

108 2764 153 2806 cut
173 2754 226 2804 hoc
244 2754 271 2803 in
290 2770 362 2804 more
392 2754 446 2804 eibi
474 2762 621 2822 posuerat,
646 2763 676 2805 ut
704 2759 770 2805 citra
798 2756 1059 2822 praetermissionem
1080 2757 1205 2825 quotidie

107 2826 159 2888 hic,
179 2841 282 2876 summa
301 2841 360 2873 curn
381 2825 551 2875 subiectione
571 2833 598 2875 et
612 2825 713 2883 studio,
733 2825 840 2875 iaceret.
879 2825 1009 2895 adquam
1032 2841 1091 2876 cum
1112 2828 1203 2878 venis-

106 2905 164 2957 set,
186 2895 248 2946 iniit
273 2895 296 2944 ei
319 2895 424 2956 Tucca,
456 2895 540 2946 “scin'
561 2893 629 2962 quid
649 2894 769 2944 loturum
788 2894 845 2945 sit?
887 2895 932 2946 die
959 2903 1022 2964 post
1040 2895 1203 2948 hodiernum

106 2967 205 3036 quinto
225 2967 313 3015 omnia
334 2973 422 3015 vestra
442 2966 543 3034 templa
564 2974 645 3032 atque
664 2967 751 3031 ipsum
769 2965 837 3016 adeo
856 2963 1051 3033 patriarcheum
1070 2983 1085 3015 a
1105 2966 1203 3016 sunda-

105 3038 205 3088 mentis
229 3035 409 3086 destruentur.
457 3037 499 3086 lex
522 3036 593 3084 enim
617 3035 698 3096 exiit,
726 3051 905 3106 quaecunque
936 3037 1028 3087 civitas
1047 3046 1202 3106 oppugnata
1277 3061 1291 3082 .

106 3109 178 3158 ferro
194 3113 272 3174 capta
291 3107 335 3166 sit,
349 3107 377 3156 in
396 3123 426 3154 aa
448 3106 576 3156 Graecam
598 3106 738 3156 ecclesiam
760 3107 870 3158 omnino
890 3107 993 3158 nullam
1013 3108 1129 3178 relinqui
1153 3124 1202 3158 nec

107 3187 199 3228 extare
217 3175 343 3226 debere.''
380 3175 543 3226 hocaudito
563 3176 719 3227 immutatus
749 3186 791 3228 est
810 3179 884 3228 color
907 3178 985 3230 faciei
1009 3180 1111 3248 optimo
1129 3180 1203 3230 viro:

106 3247 231 3298 exalbuit
250 3245 284 3295 ad
313 3247 398 3296 instar
415 3247 531 3310 mortui,
550 3247 660 3297 tremuit
678 3255 760 3298 totus.
806 3249 896 3298 valere
917 3249 982 3300 dein
1003 3249 1075 3300 iusso
1095 3249 1203 3318 qsraesi·

107 3327 163 3369 tore
184 3315 317 3376 discessit,
334 3317 465 3385 venitque
485 3318 513 3367 in
535 3333 657 3384 maguam
682 3318 819 3368 ecclesiam
847 3317 881 3368 ad
903 3318 1091 3386 patriarcham,
1112 3319 1204 3370 multia

107 3389 210 3439 oborti·
230 3387 354 3438 lacrimis.
391 3387 521 3448 ascendit,
536 3403 586 3438 nec
601 3386 711 3436 verbum
730 3403 794 3454 prae
816 3403 936 3438 maerore
957 3388 1083 3457 proloqui
1105 3390 1203 3455 potuit.

106 3455 256 3527 patriarcha
275 3473 334 3506 eum
357 3457 521 3524 interrogare
541 3456 607 3526 quid
626 3457 804 3522 aegritudinis
823 3464 902 3518 esset,
921 3456 987 3527 quid
1005 3458 1056 3506 sibi
1079 3459 1203 3509 lacrimae

107 3530 218 3582 vellent.
256 3536 311 3578 tum
330 3525 375 3577 hic
395 3537 456 3597 post
477 3543 577 3578 moram
610 3526 761 3577 “edictum'’
790 3527 879 3595 inquit
907 3535 939 3576 “a
968 3542 1027 3594 rege
1047 3526 1201 3594 proiectum

107 3609 154 3661 est,
177 3599 306 3667 quoniam
326 3597 393 3647 haec
413 3597 475 3648 urbs
494 3597 519 3646 vi
540 3604 568 3647 et
587 3597 657 3648 malo
672 3605 823 3666 expugnata
840 3597 883 3658 sit,
905 3611 1079 3664 omnesquae
1098 3597 1126 3648 in
1147 3599 1203 3665 ipsa

107 3671 274 3737 reperiantur
302 3668 427 3718 ecclesias
449 3667 613 3717 Christianae
643 3667 808 3718 deiiciendas
838 3675 866 3718 et
885 3665 1014 3718 delendas
1034 3668 1116 3718 esse.'’
1154 3685 1203 3736 pa·

106 3740 219 3790 triarcha
241 3737 286 3788 ubi
306 3737 357 3788 hoc
376 3737 490 3800 audivit,
512 3739 604 3804 ingens
624 3739 711 3806 ipsum
731 3747 818 3789 metus
842 3746 869 3788 et
887 3746 988 3790 tremor
1008 3738 1134 3790 incessit:
1156 3754 1204 3790 su·

107 3810 208 3861 dorda
231 3808 299 3858 socie
320 3810 376 3859 elus
395 3807 540 3858 admodum
561 3807 683 3858 cadentis
702 3825 735 3858 ex
762 3814 823 3860 atre
843 3809 870 3858 in
886 3809 1094 3860 terramimbris
1115 3807 1203 3860 dellu-

105 3883 153 3930 xit.
193 3879 329 3946 extemplo
349 3879 431 3946 igitur
457 3887 581 3929 esancta
608 3879 676 3928 cella
695 3896 742 3927 sua
769 3877 910 3930 descendit
929 3879 1113 3948 templumque
1136 3895 1201 3946 apa.

106 3951 148 4000 riri
178 3949 262 4000 iussit.
312 3959 367 3998 tum
398 3959 461 3999 aute
492 3949 710 4016 pammacaristae
729 3947 901 4000 beatissimae
929 3949 1039 4016 virginis
1060 3948 1201 4015 imaginem

106 4023 197 4084 strtlt3
217 4021 399 4090 precationem
432 4037 463 4069 es
482 4020 577 4072 intimo
603 4019 708 4068 animae
736 4036 796 4070 cunr
817 4021 932 4070 lacrimis
951 4020 1030 4082 lecit3
1054 4020 1202 4072 sacratissi-

106 4108 173 4142 mam
193 4091 266 4143 illam
289 4091 446 4160 complexus
464 4089 600 4142 salutavit.
638 4087 700 4140 iude
713 4090 813 4159 templo
833 4105 962 4158 egressus,
981 4089 1054 4140 mula
1071 4105 1117 4141 sua
1136 4108 1202 4144 con·
