2922 4824
269 229 327 352 ιε’
343 229 347 236 ’
572 241 608 288 ²
719 287 918 354 saissonis

265 451 388 535 ἔστερξε
409 454 464 514 καί
483 447 673 530 ἐβεβαίωσε,
703 456 758 516 καί
787 454 927 516 ἐδείκνυε
955 451 1010 514 καί
1028 443 1129 530 <issar
1151 448 1260 532 φιλίαν
1280 447 1359 530 πρὸς

212 560 217 566 ”
264 549 339 625 assic
359 551 558 628 Βυζαντίους
581 553 749 629 πλαστῶς,
778 551 822 625 εδς
842 547 878 612 τὸ
906 553 1001 624 τέλος
1017 544 1115 624 ἔδειξε
1130 575 1147 622 ,’
1175 547 1231 610 καί
1245 543 1357 626 καιρὸν
1447 551 1448 554 ’

265 645 436 712 δουλεύων.
479 647 560 725 μετά
583 649 618 710 δὲ
639 647 673 719 τὸ
698 652 863 712 τελειῶσαι
891 650 945 712 καί
969 644 1145 727 ἀπαρτίσαι
1166 647 1202 708 ad
1226 645 1359 725 κάστρον

265 746 368 824 assi,
389 749 524 825 θέμενος
551 743 714 826 σκάπτρσ,
740 747 904 830 φύλακας,
932 745 1047 819 σκεοάς
1077 744 1132 808 καί
1153 739 1235 806 ὅπλα
1266 737 1357 816 ἄλλα,

264 843 424 926 ἐπορεύθη
445 845 478 906 ἐν
497 844 767 924 Ἀδριανοοπόλει.
1368 852 1382 901 5
1447 867 1448 942 η

349 935 445 1021 Εἶχον
467 943 503 1004 δέ
526 939 655 1014 ε’λπίδας
679 939 708 1004 οἱ
731 944 765 1005 ἐν
787 946 825 1027 τῇ
846 939 933 1004 πόλει
958 943 1019 1020 ἵνα,
1043 941 1100 1004 dciv
1121 962 1150 1003 τι
1171 937 1294 1017 ἴδωσιν,
1319 938 1359 1014 ἀς
1447 953 1448 990 t

265 1038 403 1121 πλησίον
421 1037 640 1121 ἀφανίσωσιν·
690 1040 859 1123 ἐτρέφοντο
894 1042 929 1102 δὲ
963 1036 1064 1121 μάτην
1086 1041 1190 1102 ταῦτα
1211 1039 1359 1116 οἰόμενοι.

265 1137 528 1219 ἀναχωρήσαντος
548 1135 609 1217 γὰρ
632 1141 688 1198 τοῦ
712 1138 885 1202 σουλτάνου
907 1137 1003 1202 τόπον
1024 1133 1166 1218 μερικόν,
1188 1139 1362 1215 πορευομέ-

265 1261 321 1302 νου
344 1236 423 1316 πρὸς
445 1229 729 1315 Ἀδριιινοάπολιν,
752 1233 780 1298 οἱ
809 1237 979 1318 Ἀγαρηνοί
1006 1231 1255 1311 καταδιώξαντες
1282 1233 1362 1314 μετὰ

205 1341 208 1352 ’
266 1338 330 1399 τιὸν
351 1336 454 1398 ἳππων
476 1335 531 1396 καί
552 1332 737 1414 ποιήσαντες
758 1333 931 1416 πιλάλημα,
956 1329 998 1407 ὦς
1021 1330 1095 1405 ἔθος
1117 1333 1236 1409 αὐτοῖς,
1258 1329 1399 1414 ipssa-to

267 1457 327 1496 σαν
346 1434 442 1511 μέρος
465 1428 665 1513 ἀνθρώπων,
688 1429 764 1505 τοδς
784 1430 967 1512 ἐντυχόντας
990 1433 1024 1493 ἐν
1046 1433 1154 1511 μέρεσι
1177 1431 1233 1512 τῆς
1253 1431 1363 1508 χαίρεις

191 1565 201 1582 ·
268 1532 331 1592 suiv
354 1528 548 1605 Ἀσωμάτων
580 1531 634 1590 καί
663 1532 722 1590 τοῦ
757 1525 849 1610 ἁγίου
879 1530 987 1593 osas.
1037 1530 1236 1612 διεφημίσθη
1256 1529 1291 1590 δὲ
1311 1527 1365 1588 καὶ

268 1625 362 1709 φήμη
396 1618 447 1686 ὅτι
472 1618 559 1687 εἶπεν
589 1623 606 1686 δ
632 1629 803 1700 σουλτάνος
835 1620 884 1690 ὅτι
911 1624 981 1690 idad
1010 1621 1213 1707 ἀπέρχομαι,
1235 1621 1292 1686 καί
1309 1623 1365 1687 τάν
1448 1681 1449 1712 η

263 1719 448 1803 Ἀπριδλιου
468 1719 605 1802 ἔρχομαι
620 1721 723 1804 πάλιν,
746 1723 801 1787 καὶ
819 1725 985 1806 γνώτωσαν
1005 1721 1035 1787 οἱ
1056 1725 1091 1788 ἐν
1112 1727 1150 1808 τῇ
1171 1720 1272 1786 πόλει.
1294 1725 1366 1784 δια.

268 1817 485 1903 ’μηνυοάμενοι
515 1821 550 1882 δὲ
584 1817 614 1884 οἱ
636 1821 830 1905 Βυζάντιοι,
851 1825 906 1885 καί
925 1820 1063 1896 εἰπόντες
1082 1821 1126 1894 ιδς
1146 1820 1204 1884 oris
1225 1817 1294 1883 ἔστι
1313 1821 1364 1888 δί-
1376 1835 1403 1885 15
1448 1819 1449 1894 ξ

270 1939 361 1980 καιον
394 1915 446 1980 ἵνα
480 1918 634 2002 μενούσης
664 1923 720 2002 τής
752 1920 876 2004 α’γάπης
896 1921 1108 2002 ἀρπασθῶσιν
1137 1917 1166 1982 oi
1199 1910 1365 2000 ἅνθρωποι
1448 1969 1449 2012 ss

270 2016 393 2093 ου’τῶν,
424 2015 642 2097 ἀπεκρίθησαν
674 2014 725 2080 ὅτι
756 2017 773 2081 o‘
804 2019 957 2100 ου’θέντης
991 2015 1049 2080 cdx
1086 2012 1152 2082 οἶδε
1178 2015 1210 2080 τὸ
1242 2016 1367 2098 γινόμε.

269 2134 331 2175 νον.
374 2107 490 2192 ὥρισεν
512 2106 568 2175 oris
589 2110 672 2188 ὅπως
693 2110 897 2190 ἐξετάσαντες
916 2110 1035 2198 εὕρωσι
1056 2114 1112 2180 καί
1129 2117 1299 2195 πέμψωσιν
1322 2117 1367 2188 εἰς

271 2209 308 2272 τὰ
331 2206 408 2271 ἴδια.

241 2319 259 2370 9
357 2303 512 2389 Τοιαύτην
533 2301 588 2370 οὖν
608 2309 735 2393 εἰρήνην
755 2309 899 2392 πλαστήν
921 2308 1057 2392 ἔχοντες,
1077 2314 1189 2392 γέγονε
1204 2314 1258 2372 καί
1276 2308 1407 2393 μα’χηρρ

197 2433 199 2440 ·
272 2399 419 2487 φανερά·
444 2403 537 2486 ψυχή
560 2407 622 2487 μὰρ
645 2410 765 2472 ἀδικεῖν
787 2414 977 2492 προελομέυη
999 2409 1035 2471 od
1058 2406 1189 2472 δυ’νατοι
1208 2408 1262 2474 tat
1285 2408 1365 2473 aoid
1407 2417 1411 2428 ’

272 2504 383 2584 φέρειν
411 2502 445 2566 τὸ
474 2499 611 2582 σκιάζον.
669 2503 801 2589 ἐκινήθη
838 2509 872 2570 δὲ
903 2510 946 2594 τῷ
967 2509 1054 2594 αὐτῷ
1086 2504 1147 2570 ἔτει
1172 2502 1276 2588 ὥσπερ
1301 2503 1367 2586 θήρ

342 2675 385 2726 22.
406 2675 536 2732 σκιάδιον
550 2681 568 2728 d

274 2865 351 2926 patre
373 2858 458 2928 ipsius
479 2859 578 2911 factum
597 2859 701 2926 iuerat3
720 2861 795 2931 quod
815 2863 895 2913 etiam
914 2863 972 2930 ipse
993 2880 1007 2912 a
1027 2882 1055 2914 se
1075 2867 1260 2918 continuatum
1278 2885 1368 2920 serva·
1449 2913 1450 2928 ,

273 2932 328 2986 bat,
347 2943 531 2998 summamque
553 2947 614 2998 erga
642 2933 783 2995 Byzantios
803 2931 974 2998 praeferebat
995 2934 1221 2992 benevolentiam.
1260 2937 1310 2988 sed
1332 2941 1368 2989 si·
1449 2939 1450 2976 t

274 2998 375 3048 mulate
394 3005 480 3048 totum
500 2999 533 3048 ab
561 3017 593 3048 eo
613 3001 728 3061 sactum,
751 3010 780 3050 ut
799 3010 911 3052 eventus
931 3001 1091 3068 declaravit,
1114 3013 1217 3057 tantum
1237 3012 1368 3076 temporis
1449 3009 1450 3016 ’

273 3081 361 3116 εειιεει.
398 3068 477 3116 castri
497 3067 686 3118 aedificatione
713 3068 847 3120 adfinem
877 3071 1023 3140 perducta,
1049 3076 1144 3143 positis
1164 3077 1232 3127 inibi
1250 3079 1369 3141 vexillis,

273 3132 417 3202 praesidio,
438 3135 579 3186 tormentis
599 3137 704 3187 bellicis
725 3138 842 3208 aliisque
863 3156 994 3194 armorum
1023 3145 1176 3212 generibus,
1193 3148 1251 3215 ipse
1267 3147 1368 3198 Adria·

274 3203 390 3270 nopoiin
411 3220 439 3254 se
458 3205 583 3256 contulit.

346 3286 490 3338 iiabebant
511 3303 585 3356 spem
605 3291 735 3360 oppidani
755 3309 796 3354 se,
829 3295 850 3344 si
869 3295 937 3364 quid
956 3298 1067 3364 periculi
1085 3299 1216 3361 viderent,
1236 3320 1316 3372 posse
1335 3305 1370 3354 ii-

275 3355 341 3417 lud,
363 3365 392 3406 ut
410 3358 437 3407 in
456 3359 611 3428 propinquo
642 3363 737 3424 situm,
766 3363 888 3414 diruere:
908 3365 956 3415 sed
974 3384 1005 3418 ea
1025 3385 1085 3436 spes
1104 3370 1187 3420 fallax
1209 3371 1267 3422 suit.
1306 3389 1369 3422 nam

275 3442 336 3476 cum
355 3426 477 3495 spitamis
496 3429 664 3496 aliquantum
685 3431 849 3485 discessisset
869 3435 1065 3504 Adrianopoiiu
1092 3439 1232 3505 petiturus,
1251 3443 1368 3508 Agareni

276 3497 379 3546 interea
401 3499 572 3565 equestribus
593 3503 797 3553 excursionibus
819 3503 852 3554 de
879 3522 954 3555 more
975 3505 1053 3556 factis
1074 3507 1195 3559 homines
1216 3511 1369 3579 rapiebant,

276 3581 344 3634 quos
372 3565 465 3617 obvios
496 3571 524 3619 in
550 3570 615 3620 locis
642 3573 758 3636 regionis
777 3575 962 3624 Asomatorum
987 3584 1014 3626 et
1033 3577 1058 3626 S.
1077 3576 1181 3627 Pirocae
1198 3579 1368 3632 habuissent.

276 3635 329 3684 t'nit
349 3644 376 3685 et
396 3637 464 3685 fama
484 3653 581 3706 sparsa,
601 3637 700 3690 dixisse
719 3643 853 3692 sultanum
872 3653 962 3695 “nunc
981 3645 1089 3713 quidem
1110 3647 1187 3706 abeo,
1209 3650 1257 3700 sed
1275 3667 1370 3702 meuse

276 3705 361 3772 sputi
383 3703 491 3769 redibo;
523 3716 550 3756 et
567 3719 748 3776 cognoscent,
767 3714 814 3780 qui
833 3714 861 3763 in
881 3714 946 3764 urbe
969 3718 1055 3768 suut.”
1091 3715 1226 3782 Byzantiis
1257 3735 1305 3788 per
1326 3722 1370 3770 ie-

276 3779 353 3839 gatos
381 3776 626 3840 conquerentibus,
647 3795 678 3828 ac
696 3779 849 3832 dicentibus
876 3801 931 3834 non
960 3801 1016 3834 esse
1036 3787 1134 3847 iustum
1155 3789 1227 3854 pacis
1245 3789 1370 3856 ternpore

276 3857 338 3892 suos
366 3842 487 3893 homines
507 3845 611 3912 abripi,
641 3865 794 3916 responsum
822 3853 874 3902 fuit
902 3854 966 3904 haec
985 3855 1154 3924 imprudente
1174 3859 1281 3910 sultano
1299 3860 1369 3910 fieri.

278 3912 355 3962 iussit
373 3929 434 3979 ergo
454 3914 485 3973 is,
505 3914 681 3982 inquisitione
701 3920 779 3984 facta,
798 3923 921 3973 inventos
943 3923 976 3972 ad
995 3942 1041 3974 sua
1061 3927 1170 3976 remitti.
1291 3927 1295 3930 ’

263 4029 264 4032 =
348 3999 412 4048 Cuin
431 3999 482 4049 hoc
503 4001 582 4050 inodo
606 4003 691 4054 fictam
717 4007 883 4074 infidamque
913 4027 1005 4078 pacein
1027 3994 1167 4071 haberent,
1193 4012 1225 4061 ad
1245 4020 1372 4081 apertum

279 4064 389 4118 taudem
409 4069 509 4121 betium
530 4069 672 4123 deventum
699 4083 747 4126 est.
786 4079 890 4128 animus
915 4080 986 4130 enim
1008 4081 1055 4148 qui
1075 4083 1157 4133 semel
1174 4083 1271 4134 iniuste
1291 4098 1371 4148 agere
