2954 4816
511 263 831 332 Panathenaicis.
1122 249 1211 328 149
1290 295 1292 302 ·

115 419 158 492 αἱς
178 415 342 498 ἐλογίαζε,
367 417 421 480 rtis
450 417 613 497 ἐπέτυχε·
656 416 710 478 κατ’
732 415 793 476 α’πό
817 413 853 478 τὸ
875 411 986 496 πικράν
1007 434 1066 477 τοο
1085 413 1211 477 α’πέθα-

112 543 174 600 νεν,
198 514 430 600 α’μετανόητος,
458 515 502 590 εἰς
525 515 580 578 τὸν
603 512 807 600 ἄφοροσμόν·
862 513 916 576 καί
939 511 1056 606 ὑπῆγεν
1077 511 1096 594 ἦ
1120 508 1211 594 ψυχὴ

113 619 216 680 αὐτοῦ
238 613 318 680 ὀποῦ
339 617 395 678 τοῦ
417 616 595 697 Νεστοριόο
615 619 673 677 τοῦ
693 611 858 696 αἱρετινιοιῖ
877 613 1008 676 καὶτῶν
1030 615 1212 674 ἐπιλοίπων.

112 719 173 778 nor*
197 715 318 797 εὑρέθη
345 713 423 794 μετὰ
445 711 556 794 καιρὸν
588 711 623 776 τά
653 712 788 776 ἐλεεινὸν
818 713 918 776 αάταῦ
952 711 1055 792 νιορμῆ
1079 711 1215 790 μαῦρον,

84 821 338 893 5τομπανιαΐον.
392 813 447 877 καί
480 805 555 893 ἦτον
588 814 688 897 φόβας
716 815 772 875 κατ’
794 807 927 895 τρόμος,
953 808 992 874 νά
1015 807 1049 873 τὰ
1074 810 1141 872 tter
1158 799 1216 872 άν.

114 919 258 994 onrme.
1153 977 1161 984 .

203 1015 321 1084 Τοῦτος
357 1008 565 1082 ὁσοολτάοος
597 1011 693 1091 ἐπῆρε
722 1008 778 1090 τήν
810 1006 956 1092 Μεθώνη
977 1003 1041 1070 α’πό
1065 1009 1215 1088 σπαθίον,
1265 1085 1271 1094 Ι

114 1109 199 1170 ὀποῦ
220 1108 278 1192 τὴν
300 1103 411 1191 ὅριζαν
428 1106 456 1172 οἱ
479 1113 650 1186 Βενὲτικοι,
670 1107 726 1170 κατ’
750 1101 843 1182 ὅλους
863 1105 939 1180 τούς
962 1098 1088 1188 ἄνδρας,
1107 1109 1217 1188 γέρον·

113 1233 173 1280 τας
197 1207 251 1270 κατ’
273 1210 383 1288 νὲοος,
414 1207 473 1281 ἕως
496 1205 619 1270 δώδεκα
641 1209 774 1288 χροναῖν.
817 1204 872 1268 και·
893 1199 994 1286 ὅριοι,
1014 1209 1068 1268 κατ’
1088 1200 1216 1268 ἔκτισαν

68 1321 104 1374 10
115 1307 178 1370 δ’άο
202 1305 341 1388 πύργους
360 1309 401 1386 μὲ
418 1305 474 1380 τάς
499 1305 638 1390 κεφαλάς
659 1299 782 1370 αάτάν·
823 1309 878 1368 καί
893 1308 1060 1390 φαίνονται
1082 1302 1142 1378 ἕως
1162 1305 1217 1386 τῆς

113 1405 266 1484 σις’μερον.
322 1398 395 1486 ἦτον
427 1406 461 1468 δὲ
490 1401 557 1468 τότε
579 1405 623 1478 εἰς
653 1402 710 1478 τάς
729 1408 820 1486 χίλια
841 1403 1032 1468 πεντακόσια
1049 1401 1112 1466 α’πά
1132 1403 1218 1484 Χρι.

113 1504 193 1566 στοῡ
213 1502 396 1584 γεννήσεως.

195 1601 287 1664 “Ἐπι“
307 1604 342 1665 δὲ
365 1605 420 1682 τῆς
441 1605 671 1684 πατριαρχιιάς
698 1606 755 1664 τοῦ
784 1594 850 1664 άνοο
876 1602 1094 1683 γεγραμμένου
1116 1600 1218 1682 nuperi

115 1703 302 1778 Παχιομιόο
326 1700 484 1763 άπὲθανιν
506 1699 521 1764 ὁ
545 1697 640 1774 πάτός
663 1703 801 1765 aevitas
821 1701 1040 1781 Παγιαζάτης,
1061 1694 1216 1776 βασιλεύ-

68 1819 174 1872 ς5σας
195 1794 309 1877 χρόνον
327 1801 559 1877 τριανταεννὲα.
604 1803 658 1862 κατ’
678 1797 731 1860 ι’πί
749 1799 805 1879 τῆς
834 1798 999 1876 βασιλείας
1017 1793 1132 1858 τούτου
1153 1790 1216 1878 tyr.

111 1919 172 1956 ναν
192 1894 394 1977 πατριάρχαι
414 1899 508 1959 ausos*
527 1892 608 1960 ὅποῠ
635 1894 709 1970 roric
730 1892 915 1979 ἐγράψαμεν
935 1893 1047 1958 ὀπίσω.

199 1991 322 2077 Νὴφοον
342 1991 358 2058 ὅ
382 1996 631 2079 Θεσσαλονίκης,

200 2093 370 2168 Διονύσιος
387 2090 403 2157 ὃ
425 2094 535 2178 πρώην
557 2094 779 2178 πατριάρχης,

201 2191 354 2270 Μάξιμος
376 2188 392 2253 ὅ
415 2193 563 2276 Σιρρῶν,

201 2289 326 2375 Νὴφονν
349 2287 366 2353 ti
389 2291 498 2375 πράρν
520 2291 736 2377 πατριάρχης,

198 2390 343 2470 Ἰωακείμ
362 2389 379 2452 ὅ
399 2388 556 2475 Λράμας,

111 2673 178 2708 men
196 2658 236 2707 nii
257 2675 349 2710 eorum
372 2675 441 2729 quae
467 2668 621 2729 speraverat
652 2659 785 2723 obtinuit,
810 2659 858 2712 sed
878 2659 1048 2728 aegritudine
1065 2660 1147 2711 animi
1166 2660 1209 2710 vi·

111 2737 174 2780 ctus
195 2725 316 2780 mortuus
337 2739 386 2793 est,
399 2731 475 2781 nulia
494 2732 660 2798 paenitentia
683 2740 751 2795 acta,
769 2733 797 2782 in
816 2732 1107 2795 excommunicatorem
1125 2729 1210 2782 abiit·

111 2817 168 2868 qne
189 2799 277 2850 anima
296 2801 354 2851 eius
382 2817 436 2870 quo
456 2801 573 2851 Nestorii
594 2810 622 2852 et
648 2801 761 2852 aliorum
780 2802 986 2852 haereticorum.
1023 2817 1054 2850 ac
1073 2809 1209 2869 repertum
1275 2801 1278 2808 '

110 2879 154 2920 est
174 2869 318 2940 aliquanto
333 2881 397 2939 post
412 2872 564 2921 miserabile
580 2889 675 2940 corpus
691 2873 748 2922 eius
770 2873 884 2940 nigrum,
902 2871 936 2921 ad
957 2870 1067 2922 modum
1087 2871 1208 2938 tympani

109 2949 241 3004 turgens,
270 2942 308 2991 ita
337 2950 366 2992 ut
387 2958 495 3004 omnes,
521 2944 569 3012 qui
592 2941 621 2992 id
649 2941 796 3006 videbant,
820 2950 986 2994 terrerentur
1013 2951 1041 2994 et
1060 2941 1208 2992 contremi-

110 3017 229 3060 scereut.

201 3096 368 3164 Expuguavit
398 3097 522 3148 suitanus
542 3097 659 3151 Baiaaita
676 3097 827 3150 Methouen
850 3098 876 3152 vi
907 3107 935 3150 et
955 3099 1051 3162 armis,
1070 3114 1129 3149 oum
1149 3113 1208 3150 eam

109 3167 211 3218 Veneti
230 3167 262 3216 in
286 3177 419 3235 potestate
436 3168 609 3235 habuissent;
632 3187 793 3240 omnemque
812 3171 987 3221 masculinum
1007 3187 1109 3231 sexum,
1128 3169 1208 3220 iuve-

108 3255 177 3289 num
199 3236 315 3286 virorum
335 3247 362 3288 et
382 3256 487 3302 senum,
507 3239 541 3290 ad
562 3255 646 3307 usque
667 3241 855 3292 duodecimum
874 3243 969 3294 aetatis
986 3259 1085 3293 annum
1105 3243 1206 3291 intere·

108 3311 170 3358 mit.
218 3307 291 3356 iussu
322 3309 442 3358 eiusdem
474 3310 544 3361 duae
564 3319 652 3362 turres
680 3313 719 3362 ihi
738 3320 888 3363 exstructae
912 3311 1039 3380 imposito
1058 3309 1207 3380 praesidi03

86 3395 182 3448 ·quae
202 3379 349 3427 etiamnum
369 3377 455 3429 hodie
473 3389 628 3432 cernuntur.
665 3391 722 3433 erat
741 3384 764 3432 is
783 3397 868 3432 annus
889 3390 954 3432 natu
973 3381 1073 3432 Christi
1092 3381 1206 3431 millesi-

107 3465 171 3499 mus
191 3449 432 3517 quingentesimus.

183 3533 238 3584 Suh
258 3535 438 3602 patriarchatu
461 3537 620 3606 praescripti
641 3537 775 3589 Pachumii
795 3536 880 3589 nostri
901 3535 972 3587 obiit
988 3523 1109 3586 suitanus
1128 3535 1206 3586 Baia-

34 3659 42 3666 ,
106 3605 173 3664 zita,
193 3614 337 3673 postquam
358 3608 467 3674 triginta
485 3625 581 3658 novem
601 3625 687 3660 annos
712 3625 795 3677 reguo
813 3607 985 3678 praefuisset.
1021 3622 1054 3658 eo
1076 3614 1206 3674 regnante

106 3678 221 3727 suerunt
238 3676 405 3744 patriarchae
425 3677 453 3726 hi
472 3679 630 3748 subscripti:
1048 3711 1052 3714 -

234 3764 254 3812 1.
292 3763 384 3832 Nipho
406 3763 617 3818 Thessalonicae
635 3767 819 3835 metropolita.

217 3851 253 3900 ΙΙ.
294 3851 437 3918 Dionysius
457 3854 505 3922 qui
524 3862 603 3906 antea
618 3854 769 3925 patriarcha
789 3855 884 3906 fuerat.

204 3938 250 3987 lli.
289 3937 421 3991 Maximus
444 3940 591 3992 serrarum.

206 4025 251 4077 tv.
289 4025 379 4096 Nipho
399 4027 504 4080 iterum.

215 4111 247 4164 V.
285 4114 435 4166 loachimus
455 4117 576 4168 Dramae.
