2954 4816
530 247 852 312 PthllARCHlCA.
1153 247 1222 318 127

204 393 338 471 Συμεών
361 394 635 478 ὁΤραιιεζόντιος,
660 398 741 462 ὁμοῦ
764 397 875 482 ἔβαλεν
896 397 982 482 ἀρχὴ
1006 399 1041 462 aci
1064 404 1226 464 αεσκέσιον

121 489 167 560 εἰς
190 489 251 570 τήν
270 494 446 575 ἐκκλησίαν.

204 588 373 664 Διονύσιος
396 599 622 678 μητροπολίτης
650 595 944 670 Φιλιπσονιτόλεως.

206 687 341 768 Συμεών
363 687 458 753 πάλιν
480 687 496 753 ὁ
523 693 760 772 Τραπεζὸντιος.

92 801 109 851 5
202 788 349 872 ‘Peperit
371 787 387 850 ὁ
413 793 542 870 Σέρβος,
565 787 645 854 αἰτοῦ
664 789 902 875 ἔβαλαιιρώτος
921 789 956 856 τὸ
975 779 1163 874 γαράτζιον.
1223 851 1226 856 .

6 879 7 882 “
205 887 359 964 Μάξιμος
391 886 407 950 ὃ
428 886 552 970 λόγιος,
575 889 657 953 ὁμοῦ
684 888 817 970 εἴπαμεν
846 883 968 956 ἀνωθεν
990 885 1039 954 ὅτι
1062 890 1221 956 ἀπέθανεν

118 983 134 1046 ὁ
158 985 329 1059 σσσλτάνος
351 989 404 1050 s'nc'
425 990 481 1066 τῆς
504 988 852 1076 πατριαρχιάςάἀτοῦ.

196 1081 303 1165 Ὅμως
317 1089 425 1160 τοῦνος
447 1085 464 1148 d
487 1089 805 1172 σατριάρχηςγκώρις
815 1087 977 1170 Μάξιμος,
996 1085 1218 1171 αατριαρχεώ-

117 1207 179 1257 σας
197 1181 333 1266 χρόνους
355 1183 407 1267 ἓξη
431 1187 556 1268 ἀπῆλθε
577 1185 653 1268 πρὸς
682 1185 792 1272 κάριον
815 1190 859 1262 εἰς
888 1185 945 1262 τάς
969 1186 1136 1270 οάρανίονς
1156 1209 1218 1266 μο-

6 1315 7 1318 *
74 1281 184 1355 ιθνοὶς.
232 1279 425 1358 ἀκούσαντες
459 1284 724 1349 tertrametro
755 1287 812 1348 τοῦ
834 1282 1034 1367 πατριάρχου
1058 1282 1086 1346 οἱ
1107 1284 1217 1366 ἀρχιε-

117 1389 185 1464 ρεῖς
205 1377 277 1442 ὅλοι
295 1384 351 1462 τῆς
383 1381 504 1456 δύσεως
523 1385 649 1466 καὶτῆς
670 1386 826 1466 ἀνατολῆς
857 1388 891 1448 ἐν
921 1386 963 1470 τῷ
984 1381 1053 1464 ἅμα
1073 1380 1216 1467 ἔδραμον

116 1482 267 1560 δρομαῖον
306 1484 360 1542 κατ’
390 1483 614 1564 ἐσονάχθησαν
650 1485 695 1558 εἰς
727 1481 782 1565 την
800 1487 933 1566 ,μητέρα
952 1485 1012 1546 τών
1031 1484 1214 1566 ἑκκλησκών,
1312 1512 1318 1518 ·
1401 1495 1404 1502 “

115 1577 175 1660 τήν
196 1580 369 1661 καθολικὴν
387 1577 526 1664 μεγάλην
545 1579 720 1664 ἐκκλησίαν.
773 1574 846 1665 η’τσν
867 1585 902 1646 δὲ
923 1584 964 1667 τῷ
986 1585 1086 1669 καιρῷ
1106 1583 1213 1669 ἐκείνην

116 1673 293 1762 ἀρχιερεάς
322 1679 566 1761 χρησιμώτατος
599 1681 615 1743 ci
637 1682 788 1766 Ἑφέσου,
808 1683 897 1763 κάρις
916 1680 1049 1762 Asseris,
1071 1680 1086 1744 ὃ
1107 1680 1219 1756 ὁποῖος

70 1790 104 1841 15
114 1771 192 1860 ἦτον
210 1776 311 1842 πολλὰ
333 1777 531 1860 λογιώτατος.
554 1785 608 1844 και1
628 1774 708 1862 η’σαν
727 1783 781 1844 καί
793 1778 903 1844 πολλοὶ
921 1773 1012 1842 ἄλλοι
1027 1779 1214 1860 λογιώτατοι
1286 1845 1289 1852 Δ

113 1878 297 1958 ἀρχιερεῖς,
318 1875 380 1940 ἀπὸ
402 1875 476 1952 τούς
504 1875 632 1954 ὁποίους
653 1865 725 1962 η’τον
757 1878 839 1952 ἕνας,
856 1883 911 1940 κατ’
932 1878 948 1942 o‘
971 1881 1212 1960 Θεσσαλονίκης,

112 1973 207 2056 κὺρις
227 1980 359 2060 Νηφων.
412 1977 468 2042 καί
489 1976 574 2041 ώσάν
598 1972 822 2061 ἐσοναχθησαν
850 1975 880 2040 οὶ
900 1980 1070 2060 ἀρχιερεῖς,
1090 1979 1211 2059 ἐγένετο

111 2071 247 2148 σύνοδος
270 2075 322 2138 dmi
345 2075 384 2139 νά
410 2080 553 2154 ἐκλέξοογ
576 2079 693 2160 πατρν’
739 2101 785 2160 ην.
828 2076 883 2140 κατ’
901 2074 973 2160 ἔτζη
992 2074 1114 2158 ἔκαμαν
1135 2077 1210 2150 rusie

111 2169 249 2256 ψήφους
268 2178 324 2238 κατ’
344 2171 470 2252 ἔκλεξαν
491 2174 546 2238 τὸν
568 2169 668 2240 αὐτὸν
719 2172 929 2258 εσσαλονάκης.

202 2443 240 2493 V.
273 2442 390 2510 Symeon
409 2443 616 2513 Trapezuutius,
638 2445 687 2498 sub
703 2460 756 2514 quo
776 2446 883 2497 initium
898 2447 1012 2515 pescesii
1024 2447 1053 2498 in
1071 2447 1209 2498 ecelesiam

111 2511 300 2562 introductum
314 2521 364 2566 est.

185 2598 232 2648 Vl.
270 2600 414 2664 Dionysius
435 2601 607 2668 metropolita
626 2600 854 2672 Philippopoleos.

177 2669 236 2718 Vll.
273 2672 373 2720 lterum
395 2671 513 2748 Symeon
533 2673 741 2740 Trapezuntius.

70 2755 72 2761 ·
164 2739 237 2789 Vlil
275 2739 415 2808 Rhaphael
434 2727 551 2801 Sdrvirrs,
572 2741 698 2791 charatzii
717 2739 804 2792 autori

89 2869 92 2872 1
187 2809 232 2859 tx.
270 2809 422 2870 Maximus,
448 2811 489 2860 vir
516 2779 737 2873 ddctissimus,'
730 2827 758 2861 m
777 2811 852 2860 cuius
874 2810 1055 2878 patriarchatu
1075 2808 1210 2859 sultanum

113 2885 251 2929 mortuum
271 2895 329 2928 esse
350 2845 476 2928 diximus.

183 2963 266 3014 Tunc
283 2965 328 3014 hic
348 2965 488 3025 Maximus,
508 2979 566 3014 cum
595 2967 724 3016 sexennio
753 2964 867 3016 officium
890 2962 1059 3032 patriarchae
1077 2964 1211 3030 gessisset,

116 3033 152 3082 ad
171 3033 311 3084 dominnm
343 3036 369 3084 in
390 3035 519 3084 caelestes
548 3037 699 3085 mansiones
719 3035 794 3086 abiit.
839 3034 976 3102 divulgata
994 3041 1080 3084 morte
1100 3035 1155 3084 eius
1176 3033 1212 3085 ad

115 3121 212 3153 omnes
231 3103 384 3154 Occidentis
415 3113 442 3153 et
462 3103 581 3154 Orientis
601 3105 772 3154 ecclesiarum
794 3103 949 3172 praesides,
977 3103 1072 3154 eodem
1091 3105 1120 3154 hi
1142 3113 1212 3155 tem.

114 3191 183 3241 pore
203 3173 299 3240 Cpolin
321 3181 505 3233 cucurrerunt,
529 3182 557 3223 et
576 3175 605 3222 iu
624 3190 717 3240 niagna
735 3175 868 3224 catholiea
897 3175 1017 3236 ecclesia,
1038 3191 1108 3243 quae
1127 3183 1212 3226 mater

115 3251 269 3294 ceterarum
290 3245 460 3293 ecclesiarum
484 3251 532 3302 est,
551 3252 744 3294 convenerunt.
791 3253 849 3293 erat
870 3245 917 3292 illa
937 3253 1097 3312 tempestate
1117 3247 1211 3312 ponti-

114 3312 163 3362 fex
182 3313 291 3380 Ephesi,
313 3329 421 3380 operam
441 3313 555 3362 maxime
574 3313 667 3363 utilem
689 3329 799 3373 navans,
819 3313 926 3374 Daniel,
946 3315 1051 3379 egregia
1071 3314 1211 3396 praeditus

116 3382 249 3434 doctrina
286 3382 333 3432 sed
360 3390 387 3432 et
407 3382 476 3432 alios
497 3383 623 3432 multos'
617 3384 738 3432 invenire
764 3389 821 3432 erat
845 3397 978 3431 sacrorum
996 3383 1132 3434 antistitos
1153 3392 1211 3434 stu·

115 3452 170 3502 diis
190 3453 327 3502 literarum
348 3461 375 3502 et
393 3451 501 3501 divinae
520 3452 684 3518 cognitionis
699 3450 862 3519 perpolitos;
883 3466 997 3518 quorum
1016 3467 1084 3500 unus
1100 3467 1210 3520 quoque

114 3522 169 3573 suit
187 3521 445 3582 Thessalonicensis,
465 3522 505 3571 cui
525 3521 838 3589 nomeueratNiphoui.
857 3521 1029 3587 comiteque,
1047 3529 1078 3570 ut
1098 3519 1209 3582 dictum,

113 3593 316 3650 convenissent,
336 3559 466 3655 synoduin
493 3591 661 3658 patriarchae
689 3590 797 3658 legendi
816 3591 899 3658 gratia
920 3597 1042 3658 egerunt,
1060 3598 1089 3642 et
1111 3593 1208 3642 suffra·

113 3663 225 3731 gatioue
245 3663 295 3712 rite
314 3658 409 3712 iacta
401 3677 490 3731 ipsum
510 3660 780 3714 Thessalonicensem
797 3661 930 3729 legerunt.
