2954 4816
261 275 331 346 178
703 274 896 354 nrsronu

211 451 213 462 ¹
256 415 417 493 curiadodae
441 423 694 507 καίσυγχάσεις
716 423 771 488 καί
799 424 941 508 ταραχαί
967 419 1025 484 α’νά
1056 423 1153 499 μέσον
1176 413 1278 481 αάτοῦ
1298 421 1355 480 καὶ

242 531 318 590 Χταῖν
340 527 515 608 ἀρχιερέων
544 523 688 626 καίιτιόν
710 527 885 606 κληρικαῖν,
915 523 970 583 καί
997 523 1113 582 πολλαί
1131 517 1277 591 συνόδοις
1298 520 1354 579 καί
1438 585 1441 592 ,

211 623 214 626 ’
255 623 397 708 ταραχαί
416 627 566 705 ἐγένοντο.

343 715 459 796 Titiano
485 721 501 783 ri
523 717 721 803 πατριάρχης
751 718 854 783 ἔκτισε
883 720 966 796 μέσα
988 719 1032 792 εἰς
1056 715 1090 781 etl
1112 725 1352 797 αατριαρχεῖον,

254 819 288 884 τὸ
310 823 407 899 μέρος
428 823 483 901 τῆς
506 821 655 902 deicerer,
672 823 778 905 κελλιόι
800 820 938 899 τέσσαρα
966 816 1097 898 duciaco,
1130 819 1183 877 καί
1204 815 1379 876 άαοκάτω5

255 920 300 992 εἷς
322 915 403 980 αάτά
428 915 543 995 ἔκαμεν
564 912 645 980 ailla
669 922 819 999 τέσσαρα.
861 914 917 977 xci
940 917 1076 997 πλησίον
1093 913 1219 1002 τοάτιον
1234 909 1351 989 ἔκαμεν

255 1015 408 1098 άχοάριον
430 1014 483 1078 ἕνα
519 1015 655 1097 μεγάλου
678 1015 732 1079 καί
752 1013 855 1078 καλόν.
907 1011 1004 1092 ἔκαμε
1025 1015 1059 1076 δὲ
1080 1015 1134 1074 καί
1155 1009 1212 1074 ria'o
1234 1005 1351 1072 άναλό.

253 1139 325 1195 για,
356 1111 437 1176 6ποῦ
475 1119 713 1195 κανοναρχοῦν,
743 1116 787 1187 εἰς
816 1112 871 1173 τὸν
905 1111 1007 1189 άεξιὸν
1037 1110 1137 1194 χορὸν
1157 1112 1211 1174 καί
1232 1110 1277 1185 εἰς
1297 1107 1350 1172 τὸν

254 1211 436 1296 άριστερὸν,·
454 1214 508 1276 καί
526 1204 606 1274 itta
626 1211 696 1276 τινά
719 1209 824 1293 σκεάη.

339 1308 640 1393 Πατριαρχεάοντος
673 1313 707 1373 δὲ
734 1311 849 1372 τούτου
874 1312 932 1372 τοῦ
959 1310 1060 1392 κυροῦ
1083 1309 1254 1373 Διονυσίου
1275 1310 1394 1381 inu-10

254 1410 390 1487 τὲβασαν
410 1408 465 1472 τὸν
485 1408 634 1492 σταυρόν,
661 1409 713 1473 διά
737 1406 873 1490 ὁρισμοῦ
894 1411 1075 1487 reineccii,
1097 1404 1266 1469 άαάνωθεν
1287 1407 1348 1468 aiud

254 1506 308 1574 aria
330 1505 406 1569 ναὸν
428 1511 482 1586 τῆς
503 1509 771 1588 παμμακαρίοτου
793 1509 851 1570 τοῦ
879 1512 1131 1588 αατριαρχειου·
1166 1503 1252 1583 ,tuot
1277 1499 1352 1588 ἦτον

255 1602 365 1667 cinciae>
401 1608 446 1677 ε’ἰς
494 1604 526 1668 τὸ
554 1608 769 1688 καμαανάριον
804 1610 858 1668 καί
897 1608 1064 1690 ἑφαίνετον
1098 1603 1159 1668 αἀὁ
1187 1607 1352 1685 μακρόθεν

194 1720 244 1775 169
255 1705 383 1784 στερεάς
407 1705 461 1766 καί
475 1703 648 1786 θαλάσσης,
671 1707 726 1766 καί
746 1704 892 1786 ἐγνώριζε
912 1707 997 1765 πάσα
1014 1702 1206 1784 Χριστιανὸς
1227 1702 1262 1766 τά
1287 1727 1352 1763 αα-

253 1811 445 1882 τριαρχιΐον,
471 1797 545 1865 ὅταν
574 1796 687 1884 ἤθελεν
709 1807 775 1866 tter
791 1803 846 1866 τὸν
867 1802 1016 1879 σταυρόν.
1059 1801 1115 1864 καί
1136 1802 1178 1876 ὥς
1201 1800 1254 1881 τὸν
1276 1797 1393 1872 iun-15

252 1903 399 1979 τέβασαν,
419 1897 499 1982 ἔγινε
520 1898 640 1984 μεγάλη
662 1903 744 1983 λυάη
766 1906 810 1974 εἰς
833 1901 904 1973 τούς
927 1903 1152 1980 Χριστιανούς.

343 1999 460 2073 Τοῦτος
496 1999 511 2060 ri
547 2000 742 2082 πατριάρχης
778 2001 955 2081 άοθενησας
978 2001 1136 2060 αἀἑθαιε·
1181 2001 1237 2061 καί
1255 2001 1353 2084 ἐντῷ

254 2098 319 2181 ναῷ
342 2100 397 2177 τῆς
423 2104 691 2180 ιιαμμακαριότου
713 2098 766 2162 τάν
789 2097 931 2180 ἔψαλλον
952 2097 1027 2177 μιιά
1052 2097 1152 2182 πάσης
1175 2098 1352 2178 ειῖλαβειλις.
1403 2169 1407 2176 .

255 2190 290 2253 τὸ
316 2195 351 2256 δὲ
370 2197 462 2272 σῶμα
485 2197 586 2257 αὐτοῦ
608 2195 737 2277 ἔθαψαν
759 2200 791 2260 ἐν
813 2201 850 2283 τῇ
871 2201 951 2282 μονῇ
972 2203 1030 2279 τῆς,
1047 2196 1221 2280 ὑπεραγιάς
1241 2195 1352 2260 θεατὸ-

255 2313 322 2370 κου,
346 2292 377 2357 ἐν
402 2295 441 2376 τῇ
465 2293 587 2380 Χάλκῃ,
608 2297 652 2368 εἰς
673 2293 705 2358 τὸ
727 2297 938 2382 μοναστηριον
961 2298 1070 2359 αὐτοῦ.
1361 2307 1396 2360 20

338 2389 553 2467 Ἀκούσαντες·
571 2397 611 2456 δὲ
643 2392 672 2457 οἱ
696 2393 855 2476 άρχιερεῖς
884 2394 938 2473 τὸν
958 2395 1094 2458 θάνατον
1114 2398 1172 2457 τοῦ
1196 2395 1367 2476 πατριάρ-

258 2510 320 2568 χου
344 2485 486 2569 ὲλλραμαν
508 2491 626 2570 πολλοί,
649 2495 703 2554 καί
717 2491 779 2554 rino
804 2496 859 2574 τῆς
880 2495 1032 2576 α’νατολης
1052 2493 1087 2556 τό
1101 2498 1196 2576 μέρος
1209 2497 1263 2555 και1
1288 2484 1350 2554 u’rid

258 2744 430 2795 turbationes
449 2746 518 2797 inter
537 2749 621 2816 ipsum
641 2757 667 2800 et
685 2749 829 2817 pontifices
848 2757 875 2800 et
892 2750 1004 2801 clericos
1023 2757 1131 2802 exortae
1151 2755 1221 2810 sunt,
1241 2764 1272 2797 ac
1291 2747 1353 2816 plu-

260 2831 301 2865 res
324 2815 497 2867 turbulentae
517 2820 611 2883 synodi
636 2820 798 2870 celebratae.

286 2909 293 2925 ν
348 2886 479 2946 Condidit
498 2886 540 2938 bic
560 2891 712 2957 patriarcba
737 2891 764 2940 iu
786 2889 946 2959 patriarchei
969 2897 1061 2956 parte,
1090 2904 1159 2956 quae
1178 2887 1212 2936 ad
1231 2904 1353 2938 occasum

181 2959 183 2964 ’
259 2956 323 3005 eolis
342 2959 450 3022 vergit,
477 2967 605 3025 quattuor
631 2963 768 3011 conclavia
789 2979 839 3020 seu
854 2962 935 3009 cellas
962 2961 989 3009 iu
1010 2961 1147 3028 superiore
1167 2959 1236 3019 loco,
1255 2968 1284 3009 et
1302 2959 1354 3008 alia

259 3026 374 3075 totident
406 3028 534 3090 inferius,
561 3030 601 3079 his
627 3031 757 3080 subiecta.
803 3043 830 3080 et
859 3047 942 3098 prope
964 3029 1029 3080 baec
1049 3031 1140 3096 eqfflle
1159 3031 1308 3097 spatiosum
1327 3036 1355 3078 et

260 3096 391 3161 pulcrum.
430 3097 483 3146 duo
506 3114 615 3167 quoque
641 3101 746 3167 pulpita
776 3099 852 3149 libris
870 3103 1039 3168 imponendis
1058 3102 1137 3164 lecit,
1166 3099 1212 3149 ubi
1232 3117 1302 3168 quae
1321 3099 1353 3147 ab

183 3218 187 3227 „
260 3166 352 3230 aliquo
372 3165 508 3230 leguntur,
528 3169 560 3216 ab
578 3170 636 3218 aliis
658 3178 809 3230 cantantur,
831 3172 859 3219 in
879 3171 989 3220 dextero
1011 3180 1038 3221 et
1056 3173 1163 3222 sinistro
1188 3169 1283 3235 chore,
1306 3185 1356 3219 nec

260 3251 317 3284 non
337 3236 389 3283 alia
410 3236 549 3303 quaedam,
570 3240 699 3290 ecclesiae
721 3241 813 3290 usibus
831 3241 981 3292 accomoda.

355 3323 410 3373 lloc
440 3325 589 3391 patriarcba
619 3327 729 3378 sedente
754 3328 877 3396 deposita
904 3337 944 3380 est
972 3329 997 3378 S.
1020 3329 1103 3378 crucis
1137 3328 1239 3394 figura,
1260 3325 1353 3376 bassae

264 3392 348 3454 iussu,
368 3393 400 3443 de
421 3396 558 3463 superiore
577 3407 661 3464 parte,
685 3398 731 3448 ubi
752 3400 886 3467 campanis
908 3401 982 3449 locus
1004 3409 1070 3459 erat,
1089 3399 1184 3465 templi
1204 3399 1356 3446 Pammacn-

212 3465 214 3470 ’
265 3463 356 3524 cistae,
376 3465 449 3534 quod
469 3466 495 3515 in
517 3468 689 3534 patriareltet's
709 3479 763 3532 est3
783 3487 852 3538 quae
871 3475 934 3518 crux
953 3471 1055 3518 eminus
1076 3470 1155 3534 longe
1177 3485 1190 3516 e
1209 3476 1278 3516 terra
1298 3484 1356 3516 ma·

266 3533 345 3600 rique
376 3539 520 3603 conspicua
548 3539 634 3588 suerat
669 3539 848 3605 omnibusque
879 3539 1036 3590 Christianis
1069 3539 1263 3606 patriarrbeurn
1290 3553 1355 3586 cou-

210 3671 214 3676 ·
269 3612 359 3670 specta
381 3615 473 3656 uotum
505 3608 612 3659 lecerat.
651 3625 681 3657 ea
709 3609 831 3676 deposita
858 3627 968 3678 magnus
990 3611 1232 3660 nraeroromniurn
1250 3608 1357 3675 piorum

271 3677 375 3723 anirrroa
397 3677 501 3727 invasit.

371 3762 430 3810 Post
449 3761 523 3820 baec,
543 3763 691 3830 patriarcha
711 3765 804 3815 morbo
825 3767 956 3816 extinctus
979 3775 1031 3828 est3
1061 3766 1103 3815 cui
1120 3766 1189 3815 iusta
1210 3763 1357 3830 intemplo

190 3885 196 3896 ,
269 3829 430 3896 praedicto,
461 3834 625 3899 psalmorum
655 3844 733 3885 cautu
764 3845 792 3886 et
820 3838 892 3886 omni
921 3837 1146 3886 caeremoniarum
1173 3851 1286 3900 genere,
1309 3834 1359 3882 rite

269 3901 429 3950 factasunt.
467 3919 562 3968 corpus
589 3906 646 3954 eius
676 3907 704 3954 in
734 3907 760 3956 S.
778 3907 904 3974 deiparae
929 3908 1090 3965 monasterio
1118 3907 1222 3958 vicinae
1253 3903 1359 3952 insulae

270 3967 396 4031 Choicae,
414 3970 551 4040 adipsum
573 3976 737 4040 pertinente,
759 3975 906 4026 huumtum.

369 4056 485 4122 Vulgata
507 4060 674 4126 patriarchae
702 4063 778 4112 obitu
802 4064 871 4114 iuter
889 4065 1024 4114 antistites
1043 4061 1119 4112 multi
1147 4069 1175 4111 ct
1195 4061 1228 4110 ab
1247 4061 1360 4110 Oriente

272 4130 298 4172 et
317 4123 348 4172 ab
370 4127 516 4179 Occidente
545 4132 570 4180 iu
603 4130 693 4181 urbenr
715 4133 876 4184 confluxere.
921 4136 960 4184 ibi
981 4133 1095 4184 concilio
1122 4132 1224 4192 habito,
1246 4131 1279 4181 de
1297 4147 1358 4180 sen·
