2954 4816
446 265 762 332 Pstutsucmct
1072 257 1140 332 163

64 406 135 496 ἧλθα
157 417 222 479 idai
255 419 300 488 τίς
329 413 362 478 τὸ
397 412 509 498 διβάνη
528 415 560 478 τὸ
581 413 761 498 βασιλικόν,
783 416 888 496 δπῆγα
911 415 967 479 καί
984 417 1141 499 ἐπρσσκδ.

63 539 130 596 νησα
151 513 208 580 τδν
227 517 399 594 βασιλέοιν,
429 519 483 578 καί
502 508 601 598 άρτζη
622 519 681 580 τοῦ
698 516 731 579 τὸ
753 513 865 594 ἕκαμα.
909 521 963 580 καί
984 509 1073 596 ipius
1092 510 1139 580 dra

61 613 92 676 νά
115 618 212 698 φέρῃς
234 617 289 675 τοῦ
311 617 590 692 Μονσυυλμάνσνς
612 615 749 688 ἐκείνους
779 613 862 677 ἄκου’
880 609 964 689 εἶπες
991 610 1038 680 dra
1056 613 1140 696 ἔχοις

61 713 224 794 μάρτυρες,
246 708 284 773 νά
313 711 385 784 τούς
408 713 606 794 ἑρωτησομεν
636 713 670 775 τί
687 713 841 794 ἠξοάρουν
869 717 914 788 εἰς
944 716 1045 778 τοῦτο.
1086 712 1142 777 καί

43 807 96 886 ade
115 805 153 874 άν
176 811 250 883 τούς
275 809 467 892 άκοάσιομε,
490 816 577 874 θέλει
598 815 678 892 γένει
702 812 796 876 πάλιν
817 805 917 897 άρτζη
937 815 982 888 είς
1003 810 1057 876 τὸν
1078 816 1141 890 βα-

61 913 167 987 σιλέαν,
189 908 244 972 καί
261 908 369 984 καθώς
391 909 492 995 ὁρίσῃ·
548 910 655 974 λοιπὸν
677 915 754 995 φέρε
776 909 850 986 τοδς
872 917 1033 995 μάρτυρὲς
1052 919 1141 976 σου.”

61 1005 121 1069 τότε
142 1007 331 1090 άπεκρίθηδ
354 1010 563 1091 πατριάρχης,
583 1011 637 1072 καί
650 1004 717 1072 εἷπε
740 1009 816 1092 πρὸς
829 1010 882 1075 τδν
894 1013 1003 1095 βεζίρη
1025 1017 1141 1076 “σονλ-

20 1113 21 1120 ’
61 1106 122 1168 raiae
155 1129 238 1186 μου,
269 1106 298 1170 οἱ
329 1110 490 1190 μάρτυρές
518 1131 580 1186 μου
609 1108 671 1173 idai
704 1112 756 1173 δὲν
779 1105 879 1190 εἶναι,
898 1109 996 1190 μόνον
1017 1113 1061 1186 εἰς
1083 1112 1141 1194 την

61 1208 324 1284 Ἁδριανοάπολιν·
347 1209 402 1269 καί
423 1210 503 1291 ζητοῖ
523 1211 542 1246 4
557 1212 659 1287 βαντά
679 1209 798 1290 ἡμέρας
820 1208 936 1293 εἴκοσι,
958 1209 995 1273 νά
1020 1213 1142 1288 στείλοο,
1183 1197 1187 1208 ’

33 1304 94 1376 turri
113 1305 185 1382 τούς
205 1307 348 1390 ἑφὲρυο.”
387 1306 524 1383 α’κοάσας
547 1311 581 1372 δὲ
603 1307 619 1370 δ
643 1310 760 1382 πασιάς
773 1311 861 1373 τοῦτο
882 1307 979 1375 ἔδωκέ
1003 1333 1060 1374 του
1084 1308 1139 1374 τὸν

61 1409 161 1485 dursti.
212 1406 266 1468 καί
296 1401 392 1479 οὕτως
422 1406 652 1488 ἐπροσκάνησεν
680 1403 696 1468 ὃ
721 1409 938 1491 πατριάρχης,
969 1413 1024 1472 καί
1053 1412 1143 1492 ἐξέβη

62 1501 112 1581 ἔξω
134 1503 195 1568 άπὸ
226 1503 273 1568 τά
294 1505 407 1589 διβάνη
429 1505 510 1582 μετά
532 1510 587 1588 τῆς
607 1508 753 1582 συνοδίας
786 1508 887 1570 αὐτοῦ
907 1508 961 1572 καί
981 1502 1078 1592 ἦλθεν
1098 1509 1143 1580 είς

60 1601 108 1685 την
133 1601 272 1688 μεγάλην
302 1607 474 1689 ἐκκλησίαν.
528 1611 582 1670 καί
614 1607 780 1688 παριυθδς
809 1611 991 1673 ἀπέστειλεν
1014 1611 1144 1690 α’νθροί-

61 1727 131 1778 πους
152 1703 443 1788 πρακτικωτάτους·
497 1710 552 1768 καί
581 1705 705 1787 δπῆγαν
732 1708 777 1781 εἰς
803 1707 859 1789 την
885 1709 1145 1789 Ἀδριανοάπολιν

32 1801 131 1880 repert
152 1800 298 1884 μεγάλων
318 1801 528 1886 χαρισμάτων
548 1803 602 1866 καί
615 1803 734 1884 δώρων,
755 1806 810 1867 καί
833 1797 934 1887 ηὗρον
955 1805 1028 1880 isaie
1044 1809 1143 1870 Mov-

60 1902 249 1989 σουλμάνονς
271 1905 407 1978 ἐκείνους
430 1902 510 1966 ducti
540 1903 663 1988 δπηγαν
684 1907 727 1966 δι’
757 1907 893 1983 ου’τοάς,
918 1904 954 1968 νά
976 1903 1048 1978 τοδς
1069 1907 1143 1990 ἐφί-

60 2023 137 2081 ρουν.
179 2003 235 2064 καί
257 1999 412 2084 άμίλησαυ
437 2007 507 2081 μετ’
530 2003 668 2076 ον’τοάς·
717 2007 771 2066 καί
792 2002 831 2065 τά
853 2006 941 2086 δοῦρα
962 2004 1015 2066 ἐπί
1032 2012 1143 2085 χεῖρας
1155 2017 1205 2072 160

59 2097 178 2179 ἔλαβον,
200 2101 307 2176 καθώς
331 2105 444 2167 ἐκεῖνον
474 2096 603 2184 ἤθελον.
652 2100 721 2166 τότε
742 2105 995 2183 ἑκαβαλίκευσαν,
1016 2107 1070 2166 καί
1089 2097 1144 2185 η’λ-

60 2204 116 2262 θαν
138 2196 220 2280 ὁμσῦ
243 2200 322 2280 μετά
346 2206 408 2265 τῶν
422 2205 667 2279 άπεσταλμὲνων
688 2203 775 2286 παρά
792 2209 850 2266 τοῦ
873 2201 1074 2284 πατριάρχου
1098 2205 1144 2277 εἰς

30 2298 110 2382 λδιην
130 2302 269 2384 μεγάλην
298 2301 472 2384 ἐκκλησίαν.
514 2301 567 2364 καί
593 2305 725 2386 ἐκατὲβη
761 2300 994 2386 ὄπατριάρχης
1022 2305 1067 2376 εἰς
1090 2301 1146 2386 την

60 2399 163 2482 αὐλήν,
185 2405 240 2468 καί
263 2399 593 2484 η’γκαλάτθηαάτράς,
615 2403 669 2466 καί
686 2401 759 2476 τοδς
791 2405 909 2488 ἐδέχθη
929 2401 1006 2482 μετά
1030 2405 1146 2485 πολλῆς

20 2517 21 2536 ³
61 2499 194 2585 α’γάπης·
247 2499 302 2562 καί
331 2505 384 2582 τῆς
408 2499 496 2583 υῗρας
527 2501 637 2580 τόπον,
667 2506 722 2565 καί
742 2503 914 2586 ἐκάθισαν,
944 2500 999 2566 καί
1017 2499 1143 2588 φαγητά

61 2601 197 2684 διάφορα
227 2599 304 2674 τούς
324 2598 420 2685 ἔφερε
452 2604 506 2664 καί
532 2599 664 2686 ῥοάχα·
714 2601 768 2664 καί
795 2602 1031 2685 άνεπαάθησαν.
1075 2602 1144 2666 τότε

126 2759 168 2811 22.
188 2759 287 2832 τόπον]
311 2760 396 2814 ἔδωκε
413 2760 488 2810 addit
507 2760 615 2812 Crusius

60 2929 187 2978 veneram,
207 2913 260 2964 abii
282 2923 376 2984 postea
407 2915 441 2964 ad
470 2931 556 2982 regem
582 2921 609 2964 et
636 2913 742 2963 adoravi
767 2913 958 2981 negotiumque
977 2913 1001 2962 ei
1020 2913 1142 2981 exposui.

59 2985 163 3036 mandat
184 2987 207 3034 is
224 3001 286 3052 ergo
317 2994 347 3036 ut
372 2985 489 3036 adducas
517 2982 701 3067 MrrsuImanos
731 2985 796 3034 istos
823 2984 856 3067 dp
876 2983 972 3067 quibus
993 2982 1093 3045 dixisti,
1113 2991 1141 3067 te

60 3071 146 3104 eorum
164 3057 321 3106 testimonio
342 3074 457 3117 usurum,
479 3063 508 3106 ut
521 3073 552 3106 ex
572 3073 604 3104 us
624 3072 784 3124 quaeramus
800 3054 866 3126 quid
885 3055 932 3104 rita
949 3053 983 3105 de
1000 3073 1026 3106 re
1046 3071 1140 3121 cognt-

58 3133 110 3175 tum
134 3126 259 3177 habeant.
306 3127 414 3247 guanilo
434 3144 479 3177 eos
494 3125 689 3187 audiverimus,
710 3143 749 3176 res
768 3127 912 3177 iterumad
933 3143 1021 3193 regern
1039 3127 1141 3177 refere-

60 3203 105 3256 tur,
128 3197 229 3266 fietque
250 3213 303 3265 quo
345 3201 401 3267 ipse
423 3198 601 3266 imperaverit.
649 3197 762 3264 proinde.
787 3206 869 3248 testes
891 3206 951 3247 tuus
973 3196 1140 3266 producit0.”

58 3274 117 3318 tnnc
137 3268 287 3338 patriarcha
306 3269 340 3318 ad
362 3271 471 3319 vesirem
490 3276 590 3318 “testes
604 3269 672 3318 mei''
691 3270 789 3336 inquit,
809 3269 863 3316 “ini
884 3267 1001 3328 domine,
1019 3268 1064 3318 hic
1084 3285 1140 3320 non
1217 3329 1220 3335 r

57 3348 124 3399 sunt,
144 3339 191 3390 sed
213 3339 396 3407 Adrianopaii.
432 3339 494 3390 ideo
516 3337 672 3389 dilationem
699 3346 762 3405 peto
781 3339 874 3403 viginti
893 3338 1005 3398 dierum,
1025 3347 1056 3390 ut
1073 3339 1139 3390 mit-

57 3415 106 3458 tam
127 3410 173 3477 qui
192 3427 238 3460 eos
259 3409 417 3468 adducant.”
453 3411 529 3460 bassa
549 3408 704 3459 hocaudito
723 3407 847 3477 petitioni
866 3409 1043 3460 eiusaunuit.
1080 3418 1138 3460 tum

56 3488 206 3532 reverenter
226 3497 254 3530 se
274 3481 406 3534 inclinans
421 3479 569 3550 patriarcha
589 3479 734 3532 econcilic
752 3478 835 3528 exivit
848 3493 908 3530 cum
929 3479 1055 3531 comitatu
1077 3495 1136 3540 auu,

55 3551 122 3600 etin
142 3567 264 3617 magnam
283 3553 421 3605 ecclesiam
451 3569 498 3604 seu
529 3551 725 3618 patriarchicum
752 3549 841 3601 rediit.
877 3556 904 3599 at
923 3549 1063 3606 confestim
1084 3548 1135 3600 ho.

54 3622 135 3672 mines
155 3639 206 3672 usu
227 3639 312 3675 rerum
328 3623 562 3686 enercitatissimos
581 3623 725 3690 expedivit,
746 3623 792 3689 qui
807 3619 916 3680 Adriani
932 3619 1024 3674 urbem
1043 3620 1134 3677 multia

52 3694 208 3760 magnisque
234 3709 292 3742 cum
320 3693 475 3750 inuueribus
495 3693 667 3762 petiverunt;
693 3691 740 3750 ubi
759 3691 941 3744 Musulmanos
963 3690 1045 3753 illos,
1064 3709 1134 3761 quoq

53 3780 104 3812 rum
124 3779 204 3814 causa
225 3749 514 3820 accersendurum'iter
533 3770 713 3830 susceperant,
733 3763 899 3814 invenerunt.
936 3779 995 3812 curu
1015 3761 1057 3815 his
1076 3763 1134 3812 ccl·

51 3831 132 3884 locuti
153 3841 232 3896 sunt,
262 3835 298 3884 eis
316 3834 387 3886 rinna
407 3835 454 3886 illa
471 3835 500 3884 in
524 3849 617 3884 manus
646 3832 756 3896 dedere;
784 3833 882 3902 quibus
909 3835 1026 3901 acceptis
1045 3833 1132 3888 animo

51 3919 140 3964 eorum
159 3905 324 3956 satisfactum
344 3913 392 3958 est.
429 3915 492 3958 tunc
511 3905 666 3972 equitarunt
684 3920 742 3956 cum
764 3901 858 3970 legatis
876 3903 1040 3971 patriarchae
1059 3904 1133 3954 etin

50 3991 170 4042 magnam
189 3976 328 4028 ecclesiam
346 3985 533 4046 pervenerunt.
573 3973 711 4026 descendit
731 3973 880 4042 patriarcha
900 3975 927 4024 iu
942 3991 1038 4035 aream,
1060 3991 1134 4030 cum-

49 4047 200 4114 plexusque
225 4046 346 4114 hospites
375 4049 486 4098 comiter
515 4058 542 4098 et
561 4047 677 4112 henigne
699 4046 820 4112 excepit,
839 4046 977 4096 aestatim
997 4045 1025 4095 in
1044 4045 1131 4096 locum

50 4116 127 4168 ‹tuxit
147 4117 193 4168 ubi
211 4118 377 4182 assederunt,
398 4127 425 4170 et
446 4119 516 4172 varia
537 4117 637 4170 cibaria
662 4115 789 4186 apposuit
814 4124 955 4184 vestesque
974 4113 1057 4166 dedit.
1093 4117 1148 4166 ita·
