2922 4824
261 285 306 352 10
698 285 894 352 ursmari

257 433 457 519 πατριάρχου
480 434 533 500 διδ
562 434 596 500 τό
617 438 799 518 τελευτῆσαι
821 435 895 513 tert,
917 425 1014 496 ἄλλον
1036 431 1072 494 δὲ
1092 431 1353 512 προβιβασθῆναι

232 534 302 617 ομη
324 539 469 608 θέλοντος
498 533 553 597 διὰ
586 533 619 597 τό
643 530 818 596 σκάνδαλον
854 525 909 616 (ἦν
936 527 997 613 γὰρ
1021 530 1079 590 orior
1096 527 1227 613 ὀλίγον),
1249 521 1352 600 οὕτως

256 631 365 713 ἔμενον
385 636 620 716 τεταραγμένοι.
664 626 679 693 ό
705 628 844 705 Νικαίας
865 627 1117 713 δὲιΒησσιιρίαν
1136 626 1193 692 troi
1212 626 1229 690 ri
1247 626 1347 692 ‘Proo-

255 735 327 805 σίας
346 727 475 811 ἔμειναν
493 734 527 796 ἐν
546 734 584 816 ιη’
602 730 719 816 Ῥώμη.
775 727 831 792 καί
858 731 979 818 ἐγένετο
1015 729 1071 790 ιιαί
1097 723 1299 807 supersuitur
1330 721 1350 788 ό

254 831 457 910 Βησσαρίαν,
478 826 580 912 τιμήν
603 829 772 904 καὶδόξαν
793 825 961 908 δεξόμενος
976 827 1029 888 ιιαί
1048 821 1084 888 τό
1102 823 1374 892 durocortorum

253 925 483 1007 όσπαζόμενοο.

332 1018 391 1089 Ἦν
410 1029 446 1090 δὲ
468 1030 501 1092 ἐν
525 1022 857 1092 Κανσταντινοοιιόλιι
889 1046 935 1096 τις
962 1022 1138 1105 δγιιόιατος
1170 1046 1350 1104 πνενματι-

251 1122 316 1204 ιιός,
338 1122 500 1206 λεγόμενος
523 1129 553 1189 Γ
551 1124 697 1208 ρηγόριος
720 1124 740 1206 ἡ
765 1122 902 1204 μαμμή,
931 1119 1095 1198 σόνιειινος
1125 1125 1180 1186 τοῦ
1204 1124 1349 1204 μεγάλου

252 1225 374 1296 desudo
399 1219 529 1302 ἄραντες
552 1217 609 1286 οδν
631 1221 730 1286 αὐτόν
747 1227 801 1284 καί
813 1219 858 1304 μη
881 1224 1015 1284 θέλοντα
1038 1223 1138 1284 εἰπεῖν
1159 1222 1349 1304 &cardoneto

251 1327 305 1384 καί
329 1319 545 1404 ἀνηγόρευσαν
564 1324 781 1404 πατριάργην·
823 1315 858 1394 ‘dg
879 1318 935 1382 καί
957 1319 993 1383 τὸ
1013 1318 1189 1384 σκάνδαλον
1209 1317 1388 1397 odienti-10

249 1417 446 1498 perosioris
468 1420 598 1502 κοίτην
617 1415 735 1492 ἅλωσιν
758 1425 917 1501 προλέγων
939 1415 1162 1504 παρῃτήσατο,
1186 1420 1347 1501 πραειποόν

249 1516 306 1579 καί
324 1522 366 1602 τῷ
386 1517 456 1604 ἰδίῳ
476 1521 628 1606 σαντὲκνηι
649 1523 692 1606 τῷ
711 1517 837 1604 μεγάλην
860 1519 951 1581 δοιικί
969 1517 1009 1592 ὥς
1027 1515 1055 1580 οἱ
1076 1517 1246 1601 Ἀγαρηνοί
1263 1516 1359 1601 αφά..

251 1620 340 1707 'goren
360 1617 436 1691 τοὺς
457 1616 556 1692 αἱοδς.
569 1620 669 1682 αὐτοῦ
682 1616 863 1698 ἔμπροσθεν
878 1611 990 1698 orituri,
1011 1613 1030 1679 ii
1051 1621 1106 1681 καί
1119 1621 1241 1699 γέγονεν
1255 1611 1349 1680 δοκι.

159 1759 162 1762 -
191 1706 195 1715 ’
247 1738 313 1798 ρον,
334 1715 377 1789 ὥς
397 1711 524 1797 όόγιος
544 1708 712 1799 ἄνθρωπος
729 1724 886 1797 προεῖπεν.

327 1813 362 1880 Ὁ
383 1810 534 1896 βασιλεός
558 1814 730 1898 terrario
753 1812 794 1878 όν.
809 1817 890 1902 νόσῳ
906 1815 994 1900 δεινῇ
1013 1819 1050 1899 τῇ
1071 1815 1127 1895 τῆς
1147 1814 1347 1895 α’ρθρίιιδος,
1359 1834 1390 1884 15

248 1909 347 1976 ἔκειτο
367 1913 685 1995 πάσχωνμεγοὶλας·
730 1912 748 1976 ό
770 1917 939 1987 σουλτᾶνος
960 1915 996 1976 δὲ
1018 1911 1207 1995 Μοαρότης,
1227 1907 1272 1986 οἷς
1292 1935 1349 1974 νιο-

246 2014 375 2094 ρεσθείς
398 2013 534 2076 πλούτου
565 2012 622 2076 καί
642 2015 749 2097 δόξης,
782 2012 965 2076 καταλιπόν
997 2009 1056 2094 την
1078 2011 1248 2092 ἡγεμονίαν
1266 2011 1349 2093 πρός

194 2173 200 2182 ,
245 2107 300 2172 τόν
320 2107 393 2172 otto
415 2111 552 2177 oooirdv
578 2115 788 2194 Μεχεμίτην,
810 2110 865 2174 τόν
894 2108 928 2174 ἐν
948 2113 1121 2197 Μαγνησίᾳ
1141 2111 1348 2192 διατρίβοντα

247 2206 347 2272 αὐτόν
367 2210 427 2287 μὲν
448 2212 679 2288 μετεκαλέσατο
703 2214 758 2273 -ιιαί
777 2207 888 2293 ἔστησε
909 2213 1054 2290 βασιλέα,
1073 2207 1172 2283 αίτός
1191 2211 1220 2272 δ’
1241 2207 1258 2274 ό
1280 2235 1346 2272 πα.

221 2304 303 2388 τηρ
329 2304 467 2370 σουλτὰν
489 2303 669 2390 Μουρόιης
699 2303 868 2392 πορευθείς
901 2310 935 2372 ἐν
965 2306 1065 2393 ταύτῃ
1099 2310 1138 2392 τῇ
1167 2311 1390 2394 Μαγνησιλρρρ

214 2453 219 2457 -
245 2406 299 2468 καί
319 2405 567 2488 α’νσαιοδομησας
594 2405 754 2488 α’νιίιιτσρα
779 2406 847 2472 ἴδια
876 2405 998 2484 ι’δίιιζεν
1027 2403 1117 2479 ἐντός
1150 2402 1348 2473 τούτωνκαὶ

242 2500 300 2586 ἔζη
320 2505 390 2585 βίον
413 2503 572 2588 εἰρηνικόν
601 2502 644 2579 ιός
675 2504 807 2590 γηραιός
833 2504 977 2591 ἔμφρων.
1033 2499 1048 2565 ό
1075 2502 1207 2568 σουλτόν
1230 2509 1345 2588 Μεχε.

242 2766 270 2812 et
288 2761 456 2828 perturbato,
467 2781 525 2814 cum
542 2763 703 2833 patriarcha,
714 2764 830 2834 Iosepho
842 2764 872 2814 ili
885 2763 910 2813 ic
922 2770 1041 2825 mortuo,
1059 2762 1150 2814 nulius
1163 2769 1242 2822 esset,
1262 2777 1342 2814 nemo

244 2830 336 2893 etiam,
356 2841 468 2902 propter
487 2835 684 2888 dissensionem
710 2852 740 2887 ao
760 2836 964 2898 confusionem,
983 2851 1054 2904 quae
1074 2851 1129 2884 non
1149 2831 1253 2883 modica
1275 2841 1344 2892 erat,

244 2917 273 2952 se
292 2901 325 2952 ad
348 2919 407 2954 eum
435 2905 564 2956 honorem
587 2906 698 2975 produci
718 2915 872 2975 pateretur,
891 2906 921 2956 in
940 2903 988 2956 irac
1007 2903 1213 2974 perturbatione
1232 2919 1340 2952 manse-

243 2982 313 3022 runt.
351 2975 469 3024 Nicaeae
488 2993 551 3026 voro
576 2978 694 3034 Bessario
721 2986 748 3027 et
767 2976 876 3026 Russiae
905 2976 1016 3025 antistes
1036 2975 1133 3026 Romae
1152 2973 1339 3036 substiterant3

243 3041 289 3091 ubi
309 3044 338 3092 in
357 3037 533 3095 cardinalium
555 3044 675 3098 ordinem
697 3046 817 3096 Bessario
836 3054 979 3114 cooptatus
993 3045 1213 3114 amplissimoque
1234 3041 1338 3094 honore

243 3115 356 3162 affectus
375 3114 546 3164 concordiam
566 3123 594 3165 et
612 3117 696 3168 otium
716 3118 855 3186 amplexus
877 3116 997 3167 retinuit.
1155 3113 1157 3117 ’

316 3197 376 3250 Erat
394 3200 474 3268 Cpoii
493 3205 679 3269 pneumaticus
700 3204 817 3272 quidam,
838 3205 909 3255 vitae
926 3202 1102 3254 sanctimonia
1119 3208 1268 3271 praestans,
1286 3217 1340 3252 no-

241 3267 314 3316 mine
335 3269 478 3337 Gregorius
504 3273 628 3334 Monimo,
648 3277 736 3342 magni
756 3275 830 3326 ducis
860 3281 1006 3342 compater.
1043 3271 1116 3322 hunc
1135 3280 1269 3340 arreptum
1289 3287 1339 3340 pn-

244 3337 386 3390 triarciram
415 3341 538 3394 iecerunt
567 3345 702 3407 invitum,
724 3363 755 3395 ac
781 3348 942 3396 renitentem
971 3344 1199 3394 renuntiaverunt.
1248 3341 1297 3392 sed
1316 3343 1338 3394 is

242 3407 385 3460 dissidium
412 3412 441 3462 in
465 3412 521 3462 dies
551 3413 657 3480 longius
686 3433 794 3485 serpere
823 3415 932 3476 videns,
953 3414 1233 3482 expugnationemque
1261 3412 1349 3464 urbis

242 3479 419 3547 praedicens,
448 3499 476 3534 se
493 3485 605 3534 muneie
624 3485 774 3548 abdicavit,
793 3505 853 3536 crim
873 3485 982 3556 quidem
1004 3485 1045 3534 ilii
1066 3484 1118 3552 ipsi
1137 3500 1186 3534 suo
1206 3483 1336 3550 compatri

241 3550 421 3616 praedixisset
448 3553 519 3604 iilius
541 3557 598 3606 eiua
623 3557 656 3606 in
686 3567 832 3625 conspectu
860 3559 944 3626 ipsius
972 3554 1006 3605 ab
1027 3555 1155 3622 agarenis
1174 3554 1337 3605 trucidatum

241 3617 296 3686 iri5
319 3621 398 3740 Ιιηιιοιλ
423 3627 507 3675 sancti
533 3627 581 3676 viri
614 3627 769 3677 vaticinium
792 3628 851 3696 ipso
880 3627 1016 3697 posterius
1044 3631 1141 3676 eventu
1176 3621 1342 3692 comprobata

242 3697 298 3740 tum
332 3692 378 3742 uit.

312 3775 461 3847 Imperator
485 3781 606 3845 interea,
623 3797 733 3849 magnos
762 3783 934 3834 articulorum
961 3781 1069 3834 dolores
1088 3780 1200 3840 habens,
1220 3777 1338 3846 graviter

240 3846 353 3899 afflictus
388 3848 575 3902 decumbebat·
629 3862 658 3903 ct
686 3855 808 3904 soltanus
841 3853 967 3914 Mutata,
1004 3854 1115 3903 satiatus
1149 3858 1177 3902 et
1211 3849 1337 3916 expletus

188 3933 191 3941 ·
240 3916 338 3980 ορίΙιιιιι
368 3935 400 3968 ac
428 3921 511 3987 gioria
536 3939 623 3986 rerum
655 3933 802 3991 gestarum,
828 3939 939 3992 regnum
962 3923 1019 3974 iiiio
1050 3923 1255 3980 Machameus,
1288 3918 1336 3984 qui

241 3986 395 4052 Magnesiae
422 3993 652 4054 commorabatur,
683 3994 842 4055 destinavit,
869 3996 1083 4062 accersitumque
1114 4007 1201 4057 regem
1231 3987 1336 4039 consti-

240 4055 303 4106 tuit.
342 4059 398 4127 ipse
429 4078 492 4113 vero
511 4062 673 4128 Magnesiam
699 4066 834 4131 proiectus
863 4067 1000 4132 proprium
1029 4063 1079 4114 sibi
1108 4062 1238 4132 palatium
1259 4056 1336 4108 aedi-

240 4126 342 4194 ficatum
366 4130 394 4180 iu
420 4149 474 4200 quo
499 4136 622 4202 priuatus
644 4135 775 4203 placidam
804 4143 832 4188 et
855 4137 973 4204 quietam
1000 4135 1099 4196 vitam,
1121 4141 1151 4185 ut
1164 4147 1245 4183 senex
1268 4145 1335 4196 pru·
