2946 4830
428 291 430 298 '
491 281 776 356 FRAGMENTUM
805 287 845 354 11.
1136 278 1207 354 217
1247 302 1255 322 ·

112 459 237 543 τιοίηκο,
271 459 329 524 κα’ν
357 463 401 550 τῷ
422 455 562 546 ὕστερον
583 462 639 528 καί
660 464 738 528 κατὰ
770 467 831 530 τοῖν
855 463 953 529 θείων
974 465 1097 529 σκιυαῖν
1112 469 1209 548 χεῖρα

111 561 238 642 κινῆσαι
265 560 443 646 τετόλμηκε.
486 564 541 633 καί
562 559 645 628 οὕτω
665 567 724 644 μὲν
743 562 781 630 τὰ
804 567 857 647 τῆς
879 567 1042 648 ἐκκλησίας
1063 560 1168 630 ἐποίει.

210 655 287 726 Εἶτα
321 665 376 724 καί
403 661 481 726 κατὰ
516 666 578 727 τῶν
611 662 836 746 εὐγενεστάτων
867 664 964 746 κακήν
993 671 1086 746 χεῖρα
1122 668 1209 725 κινεῖ.

111 754 194 824 οὕτω
225 758 280 824 τὸν
311 757 482 846 Βατάτζην
509 763 564 828 καί
593 762 651 847 κέρ
677 764 889 847 Κωνοταντῆν
919 764 998 842 μετὰ
1033 767 1090 828 τοῦ
1110 767 1210 843 nupia·

86 862 222 944 5λαρίου
245 859 430 946 Μυρσιώση
464 866 521 926 τοῦ
549 864 716 948 Ἀμυραλῆ
737 861 770 928 ἐν
793 867 836 951 ’τῇ
859 868 987 952 φρουρᾷ
1012 864 1210 946 ἀποκλείσας,

110 963 165 1024 καί
181 962 294 1035 δολίως
325 959 442 1036 ου’τούς
462 962 678 1046 τυραννήσας,
699 961 750 1028 τὸν
782 969 842 1044 μὲν
864 965 1029 1047 Βατάτζην
1051 960 1210 1044 ἐξόριστον

111 1062 272 1140 ἐκπέμπει,
294 1059 346 1124 τὸν
365 1059 549 1146 Ἀμυραλῆν
571 1064 605 1126 δὲ
626 1063 724 1137 ἐάσας
743 1065 874 1144 ἐντίμως
900 1060 997 1127 αὐτὸν
1017 1060 1112 1126 πάλιν
1132 1053 1209 1142 εἶχε·

111 1161 181 1233 τούς
203 1161 238 1223 δὲ
254 1159 381 1236 λοιποές
395 1165 657 1244 παραβλέψανιος
679 1162 708 1227 οἱ
728 1167 788 1242 μὲν
809 1162 949 1248 φυγάδες
970 1154 1096 1250 ᾤχοντο,
1120 1157 1149 1222 οἱ
1174 1163 1209 1224 δὲ

110 1262 155 1334 τίς
179 1260 375 1325 α’ποστασίαν
396 1259 582 1345 ἐτράποντο·
626 1266 659 1340 ἐξ
682 1254 726 1328 οἷν
749 1263 804 1328 καί
826 1259 1061 1346 ὁΒαρδινός,ἐ
1086 1261 1210 1344 κρατῶν

71 1355 326 1445 1οτοὔκάστροσ
352 1363 407 1426 τοῦ
436 1361 528 1444 ἁγίου
552 1359 722 1448 Λανάτου,
756 1357 856 1427 αὐτὸν
884 1364 1089 1448 ἐξηρνὴσατο.
1143 1363 1210 1441 μετ’

92 1458 216 1524 ‘aurcis
236 1464 271 1525 δὲ
293 1464 347 1526 καί
380 1459 396 1525 ὅ
426 1463 669 1547 Καψοκαβάδης
701 1463 769 1546 κίρ-
786 1463 947 1548 Ἰωάννης,
983 1462 999 1524 ὁ
1032 1467 1066 1528 ἐν
1095 1460 1210 1549 spicue

110 1561 350 1644 Ἀρεοχοβίτζας
378 1561 509 1651 πύργῳ,
541 1559 656 1628 ἑαυτὸν
683 1563 897 1634 (ἐπεσπάσατο.
949 1561 978 1628 οἱ
1001 1566 1035 1630 δέ
1059 1561 1211 1628 οἰκειακοί

42 1733 45 1740 .
70 1681 73 1686 ·
110 1659 210 1724 αέτοῦ
232 1657 354 1742 ἔντιμοι
375 1667 488 1747 Σέρβοι
512 1661 542 1728 οἱ
563 1666 622 1745 μὲν
643 1669 787 1750 κρυφίως
816 1665 871 1728 ἐπ’
903 1665 1002 1728 ου’τοῦ
1030 1662 1157 1749 ἔφυγον,
1179 1685 1209 1727 οι

111 1763 145 1826 tt
171 1765 339 1845 φανεραῖς,
373 1762 418 1847 μή
449 1761 618 1842 δυνάμενοι
650 1763 820 1844 ὑπομένειν
850 1763 904 1848 τὴν
937 1764 1037 1828 αὐτοῦ
1063 1759 1208 1845 μανιώδη

69 1858 293 1946 luctantisque,
317 1863 370 1926 ἀπ’
391 1865 493 1928 ου’τοῦ
514 1857 631 1952 ᾤχοντο
651 1867 706 1928 καί
725 1862 918 1949 ἀπεδήμουν,
941 1864 983 1940 αἱς
996 1867 1114 1948 μικροῦ
1127 1859 1209 1925 πάν-

109 1983 159 2036 τες
181 1960 279 2026 αὐτόν
300 1965 451 2039 ἐξέλιπον.
502 1964 614 2043 α’μέλει
642 1963 697 2028 καί
725 1966 821 2040 αίτός
851 1963 1006 2048 ὖπέμενε,
1033 1961 1071 2028 τοὶ
1093 1959 1209 2027 ἑαυτοῦ

110 2064 259 2147 φρονοῑν,
280 2063 504 2146 κυρτουόμενος
526 2062 589 2128 ἐπὸ
615 2068 670 2149 τῆς
690 2068 871 2142 πλεονεξίας
899 2065 956 2128 καί
973 2062 1207 2151 φιλαργυρίας·

107 2160 207 2246 μικροὶ
232 2161 293 2246 γὰρ
316 2167 403 2228 πᾶσα
426 2168 519 2228 κακία
541 2166 620 2250 πρὸς
642 2169 752 2230 κακίαν
772 2165 828 2250 τὴν
849 2171 905 2231 τοῦ
930 2167 1042 2248 Θωμοῖ.
1193 2211 1200 2238 r
1242 2203 1244 2208 ¹

242 2257 288 2328 'su
312 2268 367 2328 καί
396 2263 473 2329 κατα
507 2271 563 2330 τοῦ
588 2270 667 2331 λαοῦ
687 2269 743 2330 τοῦ
756 2265 896 2350 κάοτρου
919 2269 1021 2342 κακῶς
1041 2273 1136 2349 χεῖρα
1160 2267 1208 2330 ἐκ-

64 2368 213 2444 ροτείνει.
256 2362 334 2448 ἀνὴρ
356 2363 417 2449 γάρ
440 2391 487 2442 τις
503 2370 565 2432 cciv
587 2370 721 2448 ἐντίμων
742 2369 796 2452 τῆς
816 2366 949 2449 πόλεως,
967 2368 1078 2442 Ἠλίας
1103 2369 1210 2430 Κλαυ-

11 2521 13 2526 .
109 2467 169 2550 σῆς
191 2462 430 2548 ὀνομαζόμενος,
453 2470 704 2552 προσεκαλέσατο
720 2465 816 2532 ου’τόν
837 2465 993 2550 α’νσὶδοχον
1010 2468 1054 2543 είς
1074 2464 1109 2531 τὸ
1131 2460 1210 2528 ἐαυ-

107 2569 167 2632 τοῦ
188 2565 399 2651 γνησιώτατον
431 2571 543 2638 τέκνον.
587 2565 639 2633 διὰ
666 2570 700 2634 δὲ
729 2565 762 2632 τὸ
782 2563 939 2650 ἐπάρχειν
963 2567 1046 2655 αὐτῷ
1067 2562 1209 2648 κτήματα

108 2665 211 2730 πολλὰ
233 2665 290 2732 καί
309 2659 391 2733 εἶναι
415 2667 567 2734 πλούσιον
590 2671 693 2746 κακαῖς
722 2667 777 2732 κάτ’
797 2667 937 2752 α’νηλιαῑς
958 2667 1058 2732 αὐτὸν
1076 2667 1210 2750 ἐτυράν-

111 2971 196 3022 etism
217 2969 382 3040 supellectili
403 2970 510 3024 divinus
527 2989 634 3024 manum
648 2971 789 3025 admovere
808 2987 888 3023 susus
910 2977 958 3034 est,
977 2977 1059 3040 atque
1077 2968 1128 3021 huc
1147 2969 1209 3040 qui·

110 3042 172 3094 dem
195 3042 302 3093 ratione
320 3043 460 3095 ecelesiam
482 3046 616 3096 tractavit.

212 3113 317 3164 Deinde
334 3115 415 3166 etism
434 3115 610 3168 nobilissimis
629 3116 711 3168 mulus
729 3115 855 3168 admovet
874 3131 967 3166 munus
989 3121 1019 3165 ut
1036 3115 1163 3166 Betatzen
1183 3121 1211 3164 et

42 3226 49 3239 .
108 3184 251 3237 dominum
270 3184 445 3238 Constantem
464 3203 523 3238 curn
542 3189 634 3258 equite
656 3188 787 3254 Myrsiose
805 3188 933 3239 Amurale
953 3194 1097 3256 postquam
1116 3186 1145 3236 in
1164 3203 1209 3236 ca-

107 3257 193 3308 stello
217 3248 328 3306 inclusit
346 3265 388 3308 et*
405 3257 499 3313 dolose
518 3260 666 3321 cruciavit,
693 3260 819 3310 Batutzen
844 3258 953 3328 quidem
979 3257 1098 3309 exsulem
1119 3259 1210 3321 eiecit,

107 3327 263 3379 Amuralem
283 3325 553 3400 eutem'relinquens
575 3347 664 3381 rursus
683 3328 833 3380 honoribus
856 3330 979 3393 donavit3
998 3336 1101 3380 eeteros
1120 3338 1210 3382 erstem

11 3429 13 3432 ·
107 3417 170 3450 cum
190 3415 247 3450 nou
267 3407 390 3461 curaret,
416 3401 464 3451 ulii
482 3401 607 3452 celeriter
632 3402 766 3468 fugeruut,
787 3400 834 3451 alii
860 3402 893 3449 erl
912 3399 1073 3450 seditionem
1093 3416 1122 3450 se
1144 3418 1210 3451 con-

105 3478 267 3530 verterunt,
285 3486 399 3538 quorum
418 3474 447 3524 in
466 3489 579 3524 nurnero
599 3473 681 3524 etism
694 3470 824 3522 Burdinus
843 3471 903 3533 suit,
924 3470 1088 3538 guberuator
1103 3471 1208 3521 castelli

106 3541 196 3593 sancti
219 3541 336 3602 Donati,
358 3545 404 3612 qui
423 3545 447 3593 ei
467 3561 495 3595 se
515 3544 666 3612 denegavit,
689 3559 803 3611 cumque
828 3542 860 3592 iis
882 3541 963 3592 etium
983 3541 1109 3592 domiuus
1129 3543 1209 3592 losu-

76 3667 83 3676 ,
105 3631 158 3664 nes
177 3612 392 3680 espsocabsdec
415 3615 462 3683 qui
477 3616 505 3666 iu
518 3614 729 3666 Areochobitzae
748 3625 814 3665 erce'
828 3613 951 3664 dominus
965 3621 1030 3675 erut,
1049 3627 1076 3663 se
1096 3612 1129 3664 ab
1150 3613 1208 3664 eius
1292 3607 1297 3613 ⁸

105 3684 242 3735 societate
268 3685 388 3736 retruxit.
433 3703 465 3737 ex
495 3688 581 3754 ipsius
607 3694 696 3737 nutem
723 3694 802 3752 geute
821 3685 897 3738 Serbi
925 3683 1052 3748 nobiles,
1073 3683 1121 3734 alii
1140 3685 1208 3734 clam

105 3755 285 3821 aufugerunt,
305 3757 352 3806 elii
372 3765 481 3826 aperte,
511 3775 571 3809 curu
593 3759 650 3808 eius
670 3758 902 3826 importunitatem
922 3757 1043 3807 insenum
1062 3756 1133 3806 ferre
1152 3773 1208 3806 nou

103 3834 230 3896 possent,
248 3827 283 3874 ab
302 3843 335 3877 eo
355 3827 535 3880 discesserunt
552 3837 580 3880 et
596 3829 800 3897 emigraverunt,
822 3829 860 3880 ite
879 3835 910 3880 ut
929 3844 1015 3898 paene
1033 3843 1126 3878 omnes
1141 3843 1207 3877 ,euin

104 3899 307 3967 relinquerent.
345 3898 523 3952 nihilominus
536 3902 600 3971 ipse
619 3900 734 3960 duravit,
754 3917 909 3970 quanquam
930 3901 996 3951 vitia
1016 3915 1064 3950 sun
1084 3897 1206 3949 animael-

104 3969 201 4029 vertit,
220 3967 358 4020 subiectus
385 3968 505 4022 habendi
536 3971 658 4041 cupidini
681 3980 708 4022 et
729 3973 879 4036 avaritiae,
907 3987 988 4042 parva
1020 3971 1091 4021 enirn
1120 3969 1206 4021 omnis
1283 3991 1292 4006 ν

103 4041 227 4108 pravitas
245 4038 388 4092 videbatur
405 4057 454 4110 pro
473 4044 607 4112 pravitate
626 4043 755 4094 Thomae.

209 4111 317 4162 Deinde
335 4113 417 4164 etium
436 4123 528 4164 eontra
547 4115 678 4184 populum
690 4115 756 4166 ercis
775 4117 882 4166 murium
902 4114 995 4166 erexit.
1031 4109 1113 4164 horu'o
1134 4114 1206 4164 enirn

105 4196 142 4232 ex
162 4181 303 4236 nobilibus
329 4183 418 4249 urbis,
446 4184 517 4240 Elius
537 4187 647 4261 Cluuses
668 4186 821 4259 appellatus
832 4226 842 4254 ,
863 4201 923 4239 eum
942 4185 992 4238 filii
1011 4184 1052 4238 sui
1074 4184 1205 4240 verissimi
