2922 4824
551 295 753 362 non-mm.
862 295 866 300 ·
922 379 930 394 ,
1174 294 1198 364 9

100 442 216 520 κυρίου
235 441 367 528 Ἰωσήφ,
391 441 425 517 ὃς
447 445 501 531 ναί
521 429 554 506 ἐν
568 444 752 532 Φλωρεντίρ
775 445 963 528 ἐτελεύτησε,
984 443 1040 510 κατ’
1059 451 1202 530 λειτουρ-

100 539 176 623 γίας
198 545 366 625 γενομένης
393 543 427 606 ἐν
456 545 497 626 τῷ
518 547 655 628 μεγίστῳ
685 548 749 628 vargi
782 547 836 626 τής
857 547 914 606 τοῦ
934 541 1128 628 &subitipsa
1148 571 1202 611 oo-

102 641 184 724 φίας
205 637 398 724 ἐμελέτησαν
429 645 484 704 sat
496 633 668 722 ε’κόρωσαν
694 643 901 720 α’ττοτιλεῦσαι,
924 642 1203 726 χειροτονήσαντες

101 735 243 818 ἔξαρχον
271 741 325 821 τής
351 736 488 803 συνόδου
520 739 656 821 Μάρκον
692 738 749 802 τόν
778 739 954 821 ου’γενινόν,
983 741 1038 805 τόν
1069 743 1203 828 Ἐφέσου

76 836 343 920 5μητροττολίτήν.
368 837 571 912 κατελθόντες
593 831 650 902 οὖν
670 839 727 900 κατ’
745 841 815 902 ἐκεῖ
838 835 1029 915 ἀπελθόντες
1050 841 1105 906 καί
1125 865 1203 906 συν.

102 933 245 1010 ελεόσεις
276 935 463 1020 ποιήσαντες
490 939 546 999 καί
565 939 684 1002 διετίαν
706 931 782 1020 ὅλην
812 937 1073 1018 ἐνδιατρίψαντες
1093 942 1203 1024 ε’ττοίή.

101 1057 164 1095 σαν
186 1035 247 1112 μὲν
267 1035 393 1110 ἕνωσιν,
416 1034 464 1108 τιλςΔ
486 1037 525 1098 τὰ
550 1034 720 1116 ispanus&
751 1040 805 1120 τής
826 1034 861 1101 ἐν
882 1040 1067 1125 Φλωρεντίρ
1089 1038 1204 1124 ταύτης

101 1133 273 1214 λεγομένης
288 1129 401 1215 ὀγδόης
419 1130 557 1196 συνόδου
573 1140 667 1215 λέγει,
685 1140 770 1210 τέλος
788 1139 823 1200 δὲ
835 1137 977 1217 χρηστὸν
997 1139 1101 1218 otidis,
1121 1135 1204 1213 ὅλως

102 1231 161 1291 τοῦ
179 1230 314 1314 Ἐφέσου
334 1231 379 1313 μή
404 1229 659 1313 ὖινογράτγαντος,
680 1233 761 1300 ἀλλὰ
784 1239 838 1299 ναί
851 1239 1046 1317 λογομαχίας
1065 1239 1121 1300 ναί
1140 1230 1204 1301 αὖ·

61 1339 93 1391 10
103 1331 158 1402 θος
178 1327 373 1412 κγνήσοὲνταν
396 1333 528 1410 πολλῶν,
550 1327 601 1394 ὅτε
616 1337 662 1406 είς
676 1336 733 1416 τήν
746 1336 988 1401 Κωνσταντίνου
1008 1333 1201 1418 ἐπανῆλθον.

104 1425 182 1492 ὅθεν
205 1430 341 1510 οιίδεμια
374 1433 496 1513 ἐγένετο
518 1429 672 1514 βοήθεια,
693 1430 775 1496 stat
794 1431 850 1497 τόν
867 1429 965 1498 Ὕλαν
984 1430 1115 1518 ἔκραζον
1133 1459 1203 1498 καν-

103 1549 163 1608 ρον
184 1523 287 1590 τόσον.

205 1622 456 1688 Ἐιτανελθόντων
481 1629 516 1691 δὲ
550 1626 612 1690 stat
643 1629 772 1706 Ἰταλίας
799 1633 971 1709 νατέλαβέν
1005 1627 1021 1694 ὅ
1051 1628 1202 1710 βασιλευς

102 1722 160 1806 τήν
182 1719 299 1788 ἑαυτοῦ
328 1721 479 1810 φιλτάτην
513 1739 647 1809 γυναῖκα
676 1733 812 1810 Μαρίαν
845 1729 903 1812 τήν
935 1727 1202 1811 Καντανουζηνήν

64 1823 162 1884 tastu
185 1827 219 1886 ἐν
243 1825 338 1900 ζῶσιν
357 1823 438 1888 attat
462 1827 693 1910 τελευτήσασαν
713 1827 774 1909 πρὸ
793 1833 924 1910 καιροῦ·
946 1831 1002 1892 κατ’
1022 1823 1122 1900 οὕτως
1144 1820 1201 1890 οὗ.

103 1943 156 1998 τος
177 1920 238 2001 μὲν
259 1926 293 1986 ἐν
315 1920 398 2010 λόττῃ
420 1918 466 2008 ήν.
519 1924 547 1988 oi
571 1929 606 1990 di
638 1929 672 1990 ἑν
691 1932 730 2013 τῇ
751 1927 839 1990 πόλει
860 1928 1010 2008 νλήραιοί,
1032 1925 1202 2006 ἱερομόνα-
1290 1946 1294 1954 “

103 2043 158 2102 χοι
168 2057 182 2097 ,
203 2019 317 2102 ἱεροῖς,
340 2023 518 2104 ἡγούμενοι,
540 2028 748 2103 πνευματικοί
767 2030 821 2088 κατ’
834 2023 862 2088 οἱ
884 2027 989 2090 λοιποί
1011 2024 1067 2088 osis
1088 2019 1202 2108 ήθελον

104 2125 389 2206 συλλενιοοργήσαι
424 2131 489 2197 τοῖς
511 2109 671 2188 Ιἐλθοῦσιν
699 2119 719 2206 ἢ
742 2127 962 2208 μνημονετῖσαι·
986 2119 1113 2204 αότοός,
1130 2125 1201 2190 ’ἀλλ’

105 2221 297 2300 ἐχαρίζοντο
320 2220 423 2284 αὐταῖν
445 2222 489 2296 ὠς
511 2225 635 2304 <inspicio
655 2227 764 2292 εἰπεῖν.
792 2223 903 2288 πολλοὶ
923 2226 958 2287 δὲ
979 2219 1202 2312 παρῃτήσαντο

64 2319 161 2381 tonat
183 2317 240 2401 τήν
267 2316 450 2403 ἱερωσύνην.
502 2323 556 2385 κατ’
576 2327 698 2406 γέγονεν
728 2323 745 2406 ή
770 2327 880 2398 ἓνονοις
910 2325 1075 2407 διαίρεσις.
1119 2317 1202 2388 οὕτω
1232 2357 1236 2367 ·

107 2414 145 2500 δή
173 2425 357 2502 φερομένων
378 2423 441 2484 τῶν
462 2423 725 2505 tastamentum
756 2423 798 2498 ὥς
823 2419 951 2504 ἔτυχεν,
973 2424 1029 2485 καί
1049 2421 1093 2504 μή
1117 2417 1202 2498 ὄντος

104 2563 106 2566 ’
180 2577 207 2629 8.
230 2577 351 2634 συνόδου
371 2580 424 2632 add
440 2582 462 2632 A

108 2733 184 2772 crum
203 2721 356 2772 iaciendum
376 2741 434 2774 cum
457 2723 606 2792 patriarcha
625 2722 751 2791 iosepho,
775 2723 821 2792 qui
841 2733 935 2794 postea
956 2721 1111 2774 Florentiae
1131 2721 1202 2772 diem

109 2807 188 2840 suum
209 2792 298 2856 obiit,
328 2795 525 2855 convenissent,
544 2795 652 2861 liturgia
678 2795 706 2842 in
726 2795 840 2843 inaximo
864 2794 949 2844 divini
979 2795 1031 2859 logi
1053 2794 1202 2862 sapientiae

109 2863 212 2930 templo
227 2873 332 2930 peracta
352 2866 474 2933 navigare
494 2863 557 2914 inde
579 2863 763 2926 decreverunt,
781 2863 895 2912 exarcho
913 2880 958 2913 seu
980 2864 1119 2930 inceptore
1138 2879 1203 2926 syn-

110 2932 155 2982 odi
179 2933 318 3002 designato
338 2935 426 2986 Marco
448 2935 591 3002 lingonico,
610 2932 708 3002 Ephesi
729 2934 910 3002 metropolita.
948 2932 1031 2982 ‹leiati
1050 2934 1077 2981 in
1097 2933 1202 2982 ltaliam

110 3019 169 3052 cum
191 3003 226 3052 ad
245 3006 356 3055 Latinos
376 3007 529 3066 venissent,
549 3013 612 3074 post
642 3005 732 3073 plures
754 3011 910 3071 congressus
931 3012 959 3068 et
981 3003 1078 3070 integri
1099 3001 1206 3055 biennii

110 3087 211 3126 moram
242 3091 307 3126 sane
333 3077 460 3127 unionem
487 3093 532 3126 seu
552 3091 710 3126 consensum
736 3075 867 3137 iecerunt,
891 3073 1118 3144 quemadmodum
1146 3081 1205 3124 acta

113 3143 286 3196 Florentinae
297 3145 388 3210 buius,
409 3163 480 3216 quae
492 3155 584 3198 octava
599 3147 763 3207 nominatur,
783 3145 877 3212 synodi
892 3145 1048 3214 perhibent:
1066 3144 1112 3195 sed
1131 3143 1203 3194 exitu

110 3215 188 3266 nullo
207 3215 301 3278 bono,
331 3233 363 3268 eo
389 3217 462 3286 quod
483 3217 652 3267 subscribere
679 3225 815 3266 recusaret
844 3214 996 3284 Ephesius,
1016 3224 1043 3266 et
1063 3215 1205 3266 verborum
1255 3258 1260 3274 ,

111 3287 337 3351 concertationes,
354 3297 496 3356 postquam
507 3288 612 3356 Cpolim
634 3287 784 3350 rediissent,
803 3287 869 3336 alias
882 3288 972 3336 denuo
988 3287 1064 3336 multi
1076 3294 1205 3336 sererent.

111 3371 142 3404 ea
164 3373 244 3406 causa
263 3357 315 3408 fuit
333 3359 437 3408 nullius
464 3367 558 3426 postea
576 3359 707 3408 summissi
733 3358 840 3409 auxilii:
858 3356 905 3408 sed
923 3357 1028 3424 Hylam,
1048 3365 1077 3408 ut
1095 3373 1205 3424 prover-

109 3425 158 3477 bio
178 3425 286 3490 dieitur,
306 3435 381 3480 tanto
399 3436 520 3497 ternpore
539 3429 726 3482 clamaverant.

182 3513 326 3582 Postquam
346 3529 378 3566 ex
397 3515 476 3566 ltalia
492 3515 599 3567 domum
611 3515 725 3566 reditum
740 3514 801 3574 init,
821 3515 938 3582 repperit
957 3517 1103 3581 imperator
1120 3521 1204 3573 snam,

111 3600 192 3652 quam
213 3601 315 3635 summe
334 3585 476 3648 dilexerat,
494 3587 643 3653 coniugem,
655 3586 764 3636 Mariam
778 3586 1001 3643 Cantacuzenam,
1019 3599 1075 3633 non
1090 3583 1205 3648 amplius

12 3679 15 3688 ι
110 3653 139 3702 in
156 3655 225 3713 viris
253 3657 300 3706 sed
328 3666 391 3708 ante
411 3665 517 3724 ternpus
543 3657 597 3706 rita
628 3656 793 3708 defunctam.
831 3656 867 3704 ita
887 3653 931 3703 iric
949 3653 1058 3723 quidem
1078 3655 1106 3703 in
1129 3653 1204 3702 luctu

112 3733 178 3774 erat.
216 3727 263 3794 qui
293 3743 355 3776 vero
386 3728 415 3776 in
444 3727 509 3777 urbe
534 3725 669 3792 degebant
696 3727 794 3786 clerici,
813 3723 1023 3786 hieromonachi,
1043 3722 1204 3784 sacerdotes,
1268 3757 1274 3774 ι

111 3792 234 3853 abbates,
252 3796 469 3848 confessionibus
488 3795 629 3847 audiendis
652 3797 799 3864 praepositi
823 3797 999 3864 (pneumatici
1019 3795 1095 3861 dicti)
1113 3810 1145 3842 ao
1160 3810 1205 3842 ce·

111 3865 182 3928 teri,
213 3865 233 3914 ii
255 3866 385 3918 nolebant
406 3867 527 3934 liturgias
547 3875 575 3918 et
595 3881 747 3920 ascraeum
766 3867 821 3916 illis
852 3867 899 3934 qui
919 3873 1050 3916 venerant
1068 3863 1207 3914 celebrare

111 3943 159 3984 aut
189 3935 217 3985 in
240 3937 364 4003 precibus
389 3939 554 3988 mentionem
577 3937 695 4004 ipsorum
724 3936 828 3998 iacere,
854 3935 954 3986 sedab
975 3937 1013 3986 eis
1032 3933 1206 3997 recedebant,
1276 3941 1286 3948 '

111 4011 241 4074 tauquam
273 4008 319 4074 qui
349 4009 497 4076 pietatem,
524 4015 555 4057 ut
581 4009 617 4057 ita
645 4007 748 4067 dicam,
774 4007 947 4057 abiecissent.
984 4006 1062 4056 multi
1083 4005 1207 4056 sacerdo·

111 4075 151 4124 tio
171 4076 251 4126 etiam
273 4079 470 4128 renuntiarunt.
518 4077 636 4146 denique
666 4077 797 4128 unitatem
825 4077 932 4137 divisio,
959 4075 1129 4126 concordiam
1149 4075 1206 4126 dis-

111 4143 204 4196 cordia
223 4155 366 4198 consecuta
385 4157 437 4200 est.
474 4147 507 4198 ad
529 4149 600 4200 baruc
618 4147 838 4200 modurniactalo
858 4155 960 4199 temere
987 4147 1117 4200 ecclesiae
1135 4155 1206 4198 statu
