2954 4816
503 299 816 364 Pt'ruttucfflct.
1110 337 1113 345 «
1132 293 1200 362 169

108 469 336 545 πατριαρχεῖον
354 461 433 544 μετὰ
457 461 573 536 παντὸς
593 467 648 527 τοῦ
669 465 747 526 λαοῦ
767 467 829 527 τών
846 465 1054 545 Χριστιανῶν,
1076 465 1129 525 καί
1149 463 1202 526 τὸν

109 558 242 644 ὁρισμὸν
265 564 309 635 είς
340 561 374 626 τὸ
398 567 638 650 σκευοφυλακίηι
668 561 772 643 ἔβαλε.
826 565 881 626 καί
910 565 948 646 τῇ
981 561 1084 649 ἡμέρᾳ
1104 565 1205 648 ἐκείνη

110 659 268 735 λιτανείας
299 661 354 724 καί
374 662 593 744 ου’χαριστείας
627 663 706 744 πρὸς
736 663 793 726 τόν
823 662 932 742 κύριον
964 662 1053 743 ἡμών
1085 663 1204 744 Ἰησοῦν

112 758 253 838 Χριστὸν
275 765 330 823 καί
353 760 431 844 πρὸς
453 761 508 844 την
529 759 806 846 παμμακιίριστον,
826 760 881 844 την
905 764 1091 837 πανένιλοξον
1113 761 1206 842 ἁγίαν

89 861 267 939 ὅθεοτόκον,
280 865 335 941 την
348 858 460 924 ἐλπίιλα
472 865 527 924 καί
545 855 665 942 ἄγκυρα
679 861 767 944 ἦμών
779 866 839 926 τών
852 862 990 941 ου’σεβών
1004 865 1058 923 καί
1068 856 1206 942 σ’ρθοιλό-

112 964 171 1033 ξιον
185 960 402 1045 Χριστιανῶν,
422 957 542 1038 ἐκαμαν
562 959 642 1038 μετὰ
658 958 760 1043 πάσης
782 961 957 1042 εὐλαβείας.
979 963 1035 1022 καί
1059 957 1206 1043 ηιίφριίι·-

111 1061 215 1140 θησαν
252 1053 280 1120 οἱ
302 1059 490 1137 Χριστιανοὶ
514 1058 568 1120 καί
600 1057 858 1142 η’γιιλλιώσθησαν
878 1055 979 1121 ἕνεκεν
1002 1061 1060 1120 τοῦ
1082 1053 1206 1136 α’γαθοῦ

112 1155 232 1220 τούτου
249 1153 330 1219 sirtori
348 1154 475 1239 ἐγένετο,
498 1157 552 1220 καί
573 1157 774 1241 ἐλευθερώθη
805 1157 822 1238 ἢ
846 1156 992 1240 κάθολικη
1015 1151 1134 1240 μεγιίλη
1156 1153 1206 1220 ἐκ·

113 1262 228 1340 κλησία
248 1259 304 1318 καί
332 1249 364 1318 αἱ
396 1254 556 1319 ἐπίλοιποι
587 1254 658 1318 ὅλαι
693 1258 853 1340 ἐκκλησίαι
882 1262 938 1338 τῆς
966 1256 1131 1342 πόλιςνκαί
1152 1259 1208 1320 τοῦ

77 1369 106 1422 10
117 1355 254 1418 falari.
297 1356 356 1417 καίΙ
371 1341 441 1441 ιἰλοιλ
465 1358 634 1438 ἐπληρώθη
658 1353 692 1418 τὸ
717 1353 812 1438 ῥητὸν
832 1357 890 1419 τοῦ
911 1359 1022 1436 κυρίου
1045 1354 1134 1438 ἡμών
1148 1348 1209 1437 Ἰη.

114 1455 173 1518 ouri
196 1455 351 1534 Χριστοῦ,
373 1453 455 1516 tuos*
486 1459 567 1535 λέγει
591 1459 636 1530 εἰς
667 1452 700 1518 τό
733 1461 820 1518 θεῖον
847 1458 902 1517 καί
922 1452 1006 1536 ἱερὸν
1028 1457 1211 1536 ειέαγγέλιον

114 1551 194 1634 πρὸς
219 1550 274 1615 τόν
298 1557 423 1633 Πέτρον
452 1549 564 1638 ’ίσύλξεί
586 1559 734 1644 Πέτρος,
759 1555 813 1617 καί
842 1555 895 1616 ἐπί
925 1551 1023 1640 ταύτῃ
1052 1557 1090 1640 τῇ
1113 1557 1209 1641 πέτρη

116 1650 312 1733 οἰκοδομήσω
336 1675 399 1731 μου
433 1652 491 1736 την
511 1656 693 1736 ἐκκλησίαν·
747 1655 802 1717 καί
833 1656 931 1716 πύλαι
953 1650 1035 1740 girino
1061 1654 1102 1715 ου’
1119 1675 1210 1714 κατι.

113 1747 290 1836 σχώσουσιν
311 1750 439 1832 αὕτης.”
759 1747 767 1754 “

76 1877 105 1928 15
205 1861 321 1931 Τοῦτος
344 1855 412 1921 oti
433 1859 641 1941 πατριάρχης,
662 1853 751 1938 κώρις
771 1857 934 1939 Ἱερεμίας,
959 1859 1154 1920 α’νεκαίνισεν
1177 1861 1211 1920 ἐκ

113 1959 250 2039 βάθρων
269 1961 326 2040 γῆς
355 1957 388 2022 τὸ
417 1956 623 2040 μοναστὴριον
647 1961 703 2020 τοῦ
725 1961 974 2041 σταυρονικητα,
993 1961 1091 2038 με’γας
1115 1957 1212 2022 Νικό.
1246 1969 1248 1978 ’

115 2065 193 2131 λαος
219 2055 460 2139 ὀνομαζόμενος,
480 2063 562 2138 μέσα
583 2061 628 2132 είς
652 2056 685 2120 τὸ
712 2053 802 2140 ἅγιον
824 2050 916 2141 ὅρος,
940 2059 1021 2120 ὀποῦ
1044 2051 1116 2140 η’τον
1139 2055 1212 2140 ἔρη-

114 2181 186 2239 μον.
238 2162 290 2220 καί
310 2159 366 2221 τόυ
386 2159 461 2221 ναὸν
482 2163 629 2238 μέγιστον
658 2157 712 2220 καί
736 2155 922 2238 θαυμαστὸν
942 2155 1020 2238 μετιλ
1045 2155 1214 2241 ναρθηκιον

116 2257 227 2337 ἔκαμε,
249 2261 304 2320 καί
324 2254 379 2321 τὸν
394 2255 558 2340 λοτόρησεν
580 2253 758 2339 ώραιὸτατα
779 2261 833 2321 καί
852 2258 993 2338 λαμπρά.
1036 2263 1089 2321 καί
1109 2264 1216 2320 κελλια

74 2362 181 2422 toruis
203 2357 382 2440 καλογηρων
414 2356 509 2437 ἔκαμε
535 2359 590 2420 καί
607 2355 822 2439 πώργουςκαί
850 2361 999 2441 τράπεζα.
1043 2362 1097 2421 καί
1115 2345 1217 2438 τιῖγον

115 2460 219 2538 με’γαν
240 2459 295 2520 καί
316 2455 450 2521 δυνατὸν
470 2455 505 2520 τὸ
526 2460 621 2539 γῦρον
649 2456 769 2542 ἔκτισε,
790 2463 845 2521 καί
874 2455 980 2540 ώσπερ
1005 2461 1158 2538 καοτέλλη
1181 2455 1215 2520 sir

115 2555 324 2620 ἐκαλλώπισε.
380 2556 435 2620 καί
455 2556 549 2641 σκεύη
571 2556 728 2638 πολύτιμα
764 2561 819 2622 καί
839 2556 978 2644 διάφορα
999 2555 1213 2640 ἐπροσηλιυσε,

118 2917 163 2960 tus
184 2915 282 2958 cuncto
301 2909 453 2959 Christiano
472 2910 585 2978 populo,
605 2917 633 2959 et
651 2907 719 2960 illud
740 2909 767 2958 in
795 2909 905 2958 armario
925 2908 1053 2958 ecclesiae
1075 2906 1213 2976 deposuit.

118 2997 152 3030 eo
172 2995 284 3047 quoque
305 2979 348 3028 die
368 2981 469 3030 litaniis
490 2989 516 3030 et
536 2980 678 3046 gratiarum
703 2980 853 3030 actionibus
872 2979 1009 3030 domiuum
1030 2987 1149 3030 nostrum
1169 2981 1211 3030 le·

118 3063 180 3100 sum
203 3049 336 3099 Christum
357 3060 384 3100 et
402 3059 517 3100 sanctam
538 3051 809 3119 gloriosissimamque
835 3049 1137 3110 Pammacaristan1,doi
1165 3067 1216 3116 ge-

118 3120 265 3180 nitricem,
295 3129 414 3188 spernet
434 3123 683 3188 ancoram-piorum
703 3139 880 3192 verorumque
902 3122 1133 3182 Christianorum,
1152 3139 1218 3190 per·

119 3208 204 3261 quam
227 3201 381 3242 reverenter
398 3194 516 3241 venerati
536 3201 606 3242 sunt.
643 3193 769 3256 gaudium
783 3195 908 3244 eximium
927 3201 991 3244 tuuc
1009 3193 1071 3258 ipsis
1087 3194 1214 3261 contigit:

119 3265 264 3328 insperato
283 3263 405 3312 omnibus
426 3263 537 3312 laetitiis
566 3263 734 3314 incesserunt
761 3273 871 3332 propter
897 3264 948 3315 hoo
977 3273 1080 3314 tantum
1107 3273 1216 3332 tamque
1276 3281 1280 3294 ·

120 3332 388 3384 commemorandum
411 3333 521 3393 bonum,
543 3332 614 3401 quod
634 3333 764 3383 liberatae
783 3343 872 3385 essent
890 3335 1047 3384 abolitionis
1069 3343 1140 3385 matu
1160 3342 1220 3384 turn

119 3403 260 3454 catholica
278 3420 371 3465 magua
393 3413 446 3452 tum
468 3406 587 3472 reliquae
609 3421 700 3453 omues
719 3403 790 3452 urbis
804 3404 971 3470 Galataeque
990 3405 1128 3454 ecclesiae.
1148 3421 1226 3462 ecre,

120 3469 269 3539 impletum
293 3482 332 3523 est
351 3473 427 3533 illud,
447 3473 520 3542 quod
540 3473 664 3524 dominus
693 3483 784 3524 uo'ster
804 3476 879 3523 lesus·
895 3475 1016 3523 Christus
1044 3474 1072 3522 in
1093 3473 1119 3522 S.
1139 3491 1224 3523 evau-
1273 3475 1275 3482 '

121 3545 200 3611 gello
221 3543 253 3592 ad
274 3543 378 3594 Petrum
400 3545 481 3595 uicit:
512 3554 557 3596 “tu
578 3563 605 3596 es
632 3547 741 3607 Petrus;
770 3553 797 3594 et
815 3561 894 3612 super
915 3544 982 3592 hanc
1002 3551 1105 3610 petram
1126 3543 1222 3596 aedifi-

122 3615 197 3667 cabo
218 3614 356 3665 ecelesiam
376 3632 474 3679 msam3
497 3633 547 3667 nec
564 3617 658 3685 portae
678 3617 827 3667 inferorum
849 3613 1042 3683 praevalebant
1060 3615 1111 3663 ei.'’

203 3709 424 3792 illopatriarcha
444 3727 588 3776 Hieremias
614 3727 772 3776 instauravit
797 3743 812 3776 a
832 3725 1012 3776 fundamentis
1030 3724 1227 3776 monasterium

123 3795 352 3857 Stauronioetae,
384 3797 457 3865 quod
478 3799 557 3848 aliter
575 3798 661 3864 magui
681 3797 789 3848 Nicolai·
815 3814 912 3848 uomon
931 3796 1015 3848 habet
1034 3806 1061 3847 et
1087 3799 1114 3846 in
1132 3804 1223 3846 monte

122 3869 152 3918 S.
176 3865 248 3916 Atho
269 3867 347 3916 situm
370 3876 424 3930 est;
456 3868 529 3934 qnod
549 3876 613 3918 tuuc
632 3867 664 3917 ab
685 3869 781 3918 incolis
808 3868 941 3919 desertum
961 3870 1054 3918 irrorat.
1093 3865 1225 3933 templum
1315 3897 1317 3902 ,

123 3939 190 3988 eius
207 3937 392 4002 magnitudine
411 3948 438 3988 et
452 3937 541 4005 ⁴ligura
561 3934 720 3988 admirabile
739 3955 797 3987 cum
827 3939 974 4007 porticibus
997 3939 1069 3997 lecit,
1089 3937 1224 4006 pictisque

122 4006 294 4074 imaginibus
315 4009 512 4075 elegantissime
533 4009 685 4060 illustravit.
723 4009 835 4059 cellulas
856 4012 919 4060 item
943 4007 1080 4060 monachis
1098 4007 1225 4058 aedifica-

49 4121 55 4130 .
122 4081 167 4129 vit
187 4087 215 4129 et
235 4086 320 4128 turres
338 4088 366 4129 st
386 4080 411 4129 S.
432 4097 560 4130 mensam·
579 4073 652 4128 τοῦτο
672 4094 766 4146 magno
786 4088 813 4130 et
833 4080 923 4130 ralitlo
941 4072 1024 4130 ciniit
1042 4087 1070 4129 et
1089 4078 1122 4128 ad
1143 4081 1229 4148 instar

130 4148 245 4200 castelli
264 4151 411 4202 exornavit.
457 4166 518 4201 vass
537 4159 676 4220 praeterea
697 4152 815 4218 pretiosa
843 4149 938 4202 diversi
960 4149 1075 4217 generis,
1097 4162 1178 4202 turea
1200 4157 1228 4200 et
