2954 4816
232 269 317 340 ·106
594 363 598 375 x
688 275 885 349 HISTORIA
906 319 917 328 -

240 417 307 504 εἶχε
328 420 467 504 μεγάλην
496 426 551 486 καί
587 420 704 504 πολλὴν
733 427 845 506 φιλίαν
865 421 1082 506 πνευματικὴν
1099 421 1180 502 μετὰ
1207 426 1261 506 τῆς
1279 449 1341 486 un-

243 523 315 602 ρίας
337 519 463 605 Μάρις,
484 523 540 603 τῆς
560 524 717 602 μητρυιᾶς
736 524 793 584 τοῦ
812 520 914 586 αὐτοῦ
935 523 1131 584 σοαλεάνοιι·
1174 525 1231 584 καί
1249 524 1342 602 εἰίμα

242 624 298 684 καί
316 616 552 702 ἀγάσααιῖτόν,
572 618 626 683 cdv
647 620 738 704 κύριν
753 618 932 704 Διονύσιον,
950 616 992 695 ὦς
1016 619 1227 698 πνευματικὸν
1245 623 1342 684 αατεὶ

243 743 304 802 ραν
324 719 432 800 αὐτῆς.
475 716 577 798 ἔμαθε
599 720 634 782 δὲ
660 717 698 782 ui
721 719 883 782 σκάνδαλα
906 724 968 782 τῶν
988 721 1197 800 πατριαρχῶν
1219 713 1296 800 aristi
1320 715 1341 802 ἦ

180 811 182 816 ’
243 822 339 899 κνριά
363 814 490 900 Μάριε,
514 817 568 879 καί
589 815 786 900 ἑδιελογίσθη
805 820 851 891 εἰς
875 817 930 881 εὸν
962 811 1073 880 ἑαυτὸν
1095 841 1160 900 της,
1180 822 1235 881 καί
1255 813 1370 892 εἶαεν5

244 911 295 979 ὅτι
323 914 362 980 ναὶ
390 913 482 996 κάμω
510 915 713 999 αατριαὶρχην
742 915 859 995 αὐτόν,
891 915 948 980 utu
980 914 1071 996 κύριν
1091 916 1276 1006 Διονύσιον,
1299 915 1339 979 sci

243 1013 376 1094 λείψουν
399 1015 454 1078 καί
464 1013 501 1078 ,οἱ
524 1016 591 1095 δύο,
611 1017 664 1078 καί
685 1014 764 1095 μετὰ
777 1019 871 1080 τοῦτο
885 1019 1000 1079 θέλονν
1014 1020 1159 1078 ααύσουν
1180 1013 1220 1078 soi
1244 1017 1342 1080 σκάν·

199 1182 202 1200 ‚
244 1121 338 1196 δαλα,
361 1117 438 1179 διότι
463 1109 534 1188 ὅλος
566 1113 582 1176 ὁ
604 1110 681 1188 λαός
706 1116 760 1194 τῆς
783 1114 1168 1194 Κωνστανεινουαὸλεαις,
1189 1110 1284 1191 ἱερεῖς
1305 1135 1342 1176 τε

244 1217 298 1286 καί
318 1209 474 1294 κοσμικός,
495 1214 720 1296 ἐχωρίσθησαν
736 1215 781 1286 εἰς
803 1214 872 1292 δύο,
895 1211 949 1275 καί
960 1209 994 1275 τὸ
1018 1214 1072 1275 ἕνα
1093 1215 1189 1294 μέρος
1209 1211 1341 1294 ἐζήτουν
1359 1269 1366 1277 .

244 1311 302 1379 τὸν
322 1303 423 1376 αὐτὸν
446 1309 539 1390 κύριν
562 1308 698 1393 Μάρκον
729 1315 783 1374 καί
801 1309 835 1375 sd
861 1303 937 1373 ἄλλο
967 1309 1023 1373 τὸν
1045 1307 1258 1393 αιῖεὸν“κύριν
1274 1314 1341 1372 Συ·
1353 1326 1390 1376 10

243 1415 348 1494 μείιιν·
401 1409 456 1474 καί
482 1404 557 1493 ηἐον
587 1409 740 1493 σύγχυσις
767 1407 889 1493 μεγάλη
919 1413 974 1474 καί
991 1407 1114 1492 ταραχὴ
1141 1408 1194 1472 καὶ
1216 1411 1261 1483 εἷς
1283 1407 1343 1490 τήν

244 1508 384 1593 μεγάλην
406 1511 572 1592 ἐκκλησίαν
604 1513 658 1571 καί
678 1511 722 1582 εἰς
742 1508 816 1582 τούς
848 1511 1008 1591 ἀρχιερεῖς
1032 1509 1087 1572 καί
1105 1508 1150 1582 εἰς
1173 1510 1246 1582 τοὺς
1268 1513 1343 1590 κλη·

245 1610 360 1691 ρικοὺς.
404 1603 423 1690 ἦ
446 1610 481 1670 δὲ
504 1608 599 1690 κυρία
622 1609 754 1690 Μάριε,
779 1607 820 1680 cic
841 1609 977 1689 ἠθέλησε
999 1603 1037 1670 vd
1061 1605 1145 1692 κάμῃ
1167 1606 1222 1669 τὸν
1242 1603 1344 1668 αυέὁν

245 1707 335 1788 κύριν
351 1703 529 1784 Διονύσιον,
550 1704 711 1769 ἐτελείωσε
731 1704 786 1768 καί
807 1704 841 1768 τό
857 1703 958 1786 ἔργον.
1001 1703 1055 1766 καί
1075 1701 1170 1785 ἔβαλε
1189 1705 1273 1785 μέσα
1295 1705 1342 1778 εἰς

243 1807 299 1868 ἕνα
322 1803 421 1885 cattis
441 1803 578 1888 α’ργυρὸν
602 1809 728 1890 φλωριά
749 1806 898 1886 χιλιάδας
922 1805 993 1884 δύο,
1016 1806 1070 1866 καί
1092 1803 1130 1866 ταὶ
1157 1809 1264 1886 ἐπῆρε,
1287 1803 1343 1866 καί
1353 1821 1389 1872 15

243 1903 345 1986 ιλιιῆγε
367 1903 422 1968 καί
445 1901 658 1988 ἐσροσκιὲνησε
690 1905 742 1968 τὸν
772 1902 869 1968 αὐτὸν
897 1900 1087 1982 novissima,
1110 1903 1263 1983 βασεόντα
1287 1904 1344 1966 καί

245 2003 340 2066 edroi.
392 2006 446 2066 καί
477 2002 520 2076 ὠς
550 2000 604 2084 τήν
635 2001 702 2067 ἴδεν
735 1999 960 2080 ὃσουλτάνος,
984 1999 1041 2083 τὴν
1067 1991 1220 2083 ἐρώτησιν
1241 1995 1347 2064 ὅτιτί

244 2095 326 2164 εἶναι
346 2104 448 2178 ταῦτα
471 2101 509 2164 τὰ
543 2106 670 2184 φλωριά
706 2105 746 2181 μὲ
777 2101 812 2165 τὸ
836 2101 978 2184 α’ργυρόν
1001 2103 1115 2180 saucit,
1144 2094 1342 2183 ὦμητέρας

246 2197 328 2282 αὕτη
353 2204 389 2262 de
409 2201 567 2284 αἀεκρίθη
597 2205 651 2266 καί
670 2195 756 2265 εἶπεν
774 2195 825 2264 ὅτι
854 2199 917 2283 ἔχω
938 2204 1011 2266 ἓναν
1042 2201 1214 2282 καλὸγηρον
1236 2197 1343 2264 εἰλικόν

232 2289 334 2381 μιν,
362 2303 416 2363 καί
438 2305 612 2382 παρακαλῶ
631 2300 689 2384 την
708 2301 875 2384 βασιλείαν
895 2325 954 2366 σου
988 2299 1027 2366 ναὶ
1061 2299 1117 2364 τὸν
1145 2301 1253 2382 ἐκάμω
1276 2321 1390 2376 nos-20

244 2397 410 2483 εριιίρχην.
454 2403 552 2484 εἀἤρε
573 2399 635 2483 γὰρ
659 2399 676 2463 ὅ
701 2398 871 2475 σουλτὰνσς
894 2401 934 2466 rui
964 2403 1102 2486 φλωριά,
1125 2403 1179 2464 καί
1200 2403 1344 2486 ηὐχαρί-

181 2511 230 2564 127
246 2521 339 2580 στησε
362 2500 463 2564 πολλὰ
483 2503 539 2584 τῆς
557 2505 712 2586 μητρυιᾶς
733 2525 804 2584 του,
825 2501 903 2567 daci
930 2505 987 2568 rori
1018 2501 1116 2583 ἔκαμε
1144 2498 1262 2586 ταύτην
1284 2501 1348 2590 τηνἱ

247 2591 392 2683 αὔξησιν.
442 2600 511 2666 τότε
540 2606 597 2686 τῆς
626 2604 709 2686 λέγει
739 2602 859 2687 (ίκὰμε,
889 2607 1012 2687 μητέρα
1030 2625 1110 2684 μου,
1129 2601 1237 2668 ἐκείνω
1260 2596 1344 2664 cirrosi

245 2842 361 2894 concilio
381 2842 530 2913 Dionysius
551 2861 670 2915 qnoque,
693 2845 915 2915 Philippopoieos
933 2845 1054 2906 antistes,
1074 2846 1117 2894 cui
1139 2859 1234 2909 magna
1255 2843 1343 2908 gratia

246 2922 274 2966 et
291 2915 423 2984 spiritalis
456 2916 622 2967 familiaritas
653 2933 711 2967 cum
740 2917 848 2967 domina
868 2917 968 2976 Maria,
987 2917 1070 2985 ipsius
1097 2917 1195 2966 sultani
1216 2930 1344 2974 noverca,

245 2985 448 3050 intercedebat3
468 3001 539 3054 quae
559 2987 661 3037 honore
685 2989 841 3038 etcaritate
868 2991 955 3064 ipsum
983 2994 1013 3038 ut
1030 3003 1107 3037 sunm
1127 2987 1273 3054 spiritaiem
1295 3001 1344 3052 pa-

246 3064 314 3107 trem
329 3054 551 3127 prosequebatur.
590 3074 620 3107 ea
644 3074 702 3107 cum
725 3057 758 3106 de
781 3059 990 3127 patriarcharum
1011 3058 1185 3108 contentione
1207 3064 1233 3106 et
1254 3071 1344 3120 pugna

247 3126 408 3188 rescivisset,
428 3126 520 3193 coepit
539 3127 610 3178 intra
636 3145 663 3178 se
684 3130 800 3194 cogitare.
824 3137 850 3178 et
868 3129 956 3180 dicere
977 3137 1062 3196 “age,
1081 3127 1114 3176 ad
1133 3125 1343 3193 patriarchicum

247 3195 385 3262 fastigium
398 3196 542 3265 producam
555 3206 656 3266 patrem
668 3200 835 3264 Dionysium,
855 3207 884 3248 ut
903 3209 1017 3268 utroque
1038 3196 1259 3249 contendentium
1275 3191 1355 3244 eliso'

248 3266 310 3320 sanis
321 3265 447 3335 deinceps
461 3267 576 3318 rixarum
590 3277 617 3319 et
629 3269 851 3320 offendiculorum
864 3271 936 3320 [iat.''
948 3271 1086 3319 universus
1099 3273 1169 3318 enim
1182 3266 1345 3333 Cpolitanus

249 3337 377 3404 populns,
396 3355 449 3408 qua
468 3339 620 3390 sacerdotes
631 3358 682 3410 qua
696 3341 801 3408 poiitici
816 3339 948 3402 homines,
967 3341 994 3389 in
1008 3338 1072 3389 duas
1087 3337 1232 3388 contrarias
1246 3336 1343 3384 factio-

249 3423 298 3458 nes
317 3407 458 3472 abierant‚
478 3427 530 3459 una
554 3420 628 3479 parte
649 3413 767 3461 Marcum
793 3419 964 3479 reposcente,
985 3411 1068 3460 altera
1087 3409 1245 3473 Symeonem
1263 3405 1345 3474 tingi·

249 3485 334 3530 tante.
373 3481 411 3532 ita
430 3481 553 3533 confusio
573 3482 795 3550 perturbatioqne
818 3483 912 3546 ingens
936 3491 990 3532 tum
1012 3481 1040 3530 in
1058 3496 1180 3546 magnam
1201 3477 1345 3528 ecclesiam

252 3557 308 3599 tum
333 3549 361 3600 in
379 3553 514 3621 principes
536 3552 687 3604 sacerdotes
709 3561 766 3602 tum
785 3554 811 3602 in
832 3552 942 3602 clericos
965 3551 1106 3600 inciderat.
1126 3549 1233 3598 interim
1254 3549 1345 3611 regina

251 3620 346 3680 Maria,
365 3624 538 3690 quodanimo
551 3631 712 3690 conceperat
731 3623 764 3672 de
777 3623 904 3688 Dionysio
925 3621 1059 3681 iaciendo,
1078 3619 1105 3668 id
1127 3621 1206 3669 etiam
1230 3619 1255 3666 in
1276 3634 1346 3683 opus

252 3691 387 3757 perduxit.
405 3692 459 3743 duo
472 3711 588 3761 namque
604 3693 760 3743 directorum
783 3695 855 3742 milia
875 3695 901 3742 in
921 3693 1025 3742 lancem
1045 3699 1197 3758 argenteam
1217 3688 1346 3750 coniecit3

252 3777 311 3810 curn
331 3759 373 3810 his
392 3762 425 3811 ad
436 3764 571 3814 sultanum
593 3766 720 3823 accessit,
740 3763 951 3824 enmadoravit‚
969 3779 1059 3812 astrum
1080 3759 1203 3810 manibus
1226 3767 1345 3822 portans.

253 3848 331 3899 quiam
353 3841 383 3882 ut
401 3833 448 3883 ilie
461 3835 537 3893 vidit,
556 3836 731 3900 interrogavit
749 3851 805 3885 eam
826 3833 912 3902 “quid
930 3833 991 3891 sibi,
1011 3850 1068 3882 mea
1083 3839 1175 3889 mater,
1197 3829 1268 3879 istud
1288 3829 1346 3877 auri

253 3919 312 3950 cum
334 3905 555 3970 argentariense
580 3905 670 3956 vrrlt?”
708 3904 848 3972 respondit
869 3903 934 3954 haec
960 3903 1064 3952 “habeo
1087 3900 1220 3968 quendam
1247 3915 1347 3947 muna-

254 3970 332 4020 cirnm
353 3974 417 4025 mihi
437 3977 584 4044 proprium,
604 3993 693 4045 (luem,
714 3993 823 4045 quaeso,
843 3975 909 4024 mihi
928 3991 975 4042 per
988 3975 1152 4023 maiestatem
1172 3980 1244 4021 tuam
1266 3961 1348 4018 liceat

255 4041 342 4092 iacere
361 4047 564 4112 patriarcham.”
609 4048 713 4115 accepit
733 4047 856 4097 soltanus
876 4062 982 4109 aurum;
1006 4060 1114 4110 magnas
1133 4041 1228 4110 gratias
1248 4055 1347 4090 nuver-

255 4127 301 4162 cae
321 4129 384 4166 suae
407 4118 478 4183 egit,
510 4135 580 4186 quae
600 4126 702 4170 tantam
722 4118 774 4187 ipsi
793 4117 972 4167 accessionem
993 4115 1102 4166 fecerat.
1149 4123 1211 4163 tunc
1231 4111 1255 4161 ei
1278 4109 1346 4159 dicit
