2946 4830
401 341 402 346 τ
481 297 764 368 selesiensem
794 299 849 364 ιν.
1084 253 1087 264 “
1131 259 1205 358 τιό

213 459 307 530 Med
330 464 365 529 δὲ
379 458 496 536 πολλός
514 459 654 542 α’ταξιάς,
675 456 734 534 τοὶς
753 433 864 533 ὁποίας
880 453 1052 542 μεθύοντες
1074 451 1128 522 καί
1146 451 1224 522 εἶπό-

111 565 188 652 μίαν
201 570 246 642 είς
266 557 364 650 illm
378 558 487 646 χιόραν
508 564 720 644 διαβαίνοντες
743 556 874 642 ἔκαμαν,
894 563 972 640 μίαν
991 557 1114 642 ἡμέραν
1133 580 1211 622 συν-

113 668 335 752 αθροισθέντες
367 658 434 728 silos
466 665 621 728 ἐπέπεσαν
650 659 771 746 ἐξαφνα
794 658 872 724 κατό
898 663 954 742 τῆς
980 660 1212 740 Τουρκογρανί-

115 771 166 853 ζρς
189 765 476 850 κατ’Ζαραβοόσης,
497 765 624 847 χωρίων
646 757 688 838 εός
709 761 767 826 δύο
786 755 871 845 όόρας
892 758 1017 844 μακρόν
1037 761 1094 824 τοῦ
1115 781 1211 841 προρ-

90 870 265 953 5ρηθέντος
297 867 512 950 μουαστηριόυ
533 868 709 946 κειμένων,
729 862 785 928 καί
810 855 954 946 εὑρόντες
974 860 1046 936 νοός
1067 863 1136 928 ἐκεῖ
1153 885 1212 924 κα-

115 969 297 1042 τοικοῦντας
322 966 479 1048 Τοόρνους
501 964 693 1048 ἀμερίμνους
723 961 795 1038 τούς
819 965 1020 1050 κατέσφαξαν
1044 955 1136 1036 όλους
1157 957 1213 1028 καί

115 1067 151 1133 τό
174 1068 281 1150 χωρία
303 1067 483 1150 ἐρήμωσαν.

205 1161 354 1250 Ἔπειτα,
388 1171 446 1230 τοῦ
474 1165 573 1232 αὐτοῦ
608 1163 698 1242 ἔτους
731 1164 787 1250 τήν
819 1164 953 1252 δεκότην
983 1169 1211 1248 Σεπτεμβρίουρ

114 1269 349 1358 ε’κστρότευσαν
379 1266 460 1350 μετό
493 1270 553 1330 τοῦ
576 1267 721 1352 ἀρχηγοῦ
752 1291 814 1331 των
838 1265 1014 1350 καλογὴρου
1035 1264 1091 1349 τήν
1113 1267 1211 1330 νόκτα

76 1367 194 1448 munci
220 1371 282 1434 τῶν
300 1367 501 1448 Ἰωαννίνων,
532 1365 587 1432 καί
614 1365 807 1443 εἰσελθόντες
836 1369 881 1442 εἰς
900 1365 955 1452 τήν
983 1367 1074 1431 πόλιν
1095 1363 1212 1449 ἔβαλαν

113 1468 217 1545 εόθολς
240 1470 364 1554 φωτίαν
401 1470 446 1544 εἰς
475 1465 530 1553 τήν
563 1471 622 1533 τοῦ
643 1463 714 1532 τότε
745 1471 833 1534 noeti
858 1466 1021 1550 Ἀσουμόν
1044 1472 1213 1550 κατοικιάν,

113 1574 169 1636 καί
188 1568 327 1635 ἔκαυσαν
346 1565 482 1644 πολλοός
496 1566 686 1654 ἀνθρώπους
706 1573 762 1634 καί
783 1567 835 1635 τόν
846 1569 1012 1652 βασιλικόν
1032 1567 1211 1654 θησαυρόν·

115 1667 130 1735 ό
154 1674 191 1737 δὲ
215 1675 318 1745 πασᾶς
339 1673 380 1752 μὲ
401 1670 458 1754 τὴν
474 1669 607 1755 γυναῖκά
628 1694 683 1736 του
706 1672 903 1757 πηιλήσαντες
924 1670 984 1736 α’πό
1009 1667 1042 1736 τό
1066 1668 1213 1752 παρόθυ·

114 1797 168 1858 ρον
191 1769 309 1858 ἔφυγον
329 1771 445 1855 γυμνοί
472 1771 531 1856 τὴν
552 1773 664 1857 νόκτα,
687 1777 743 1840 καί
766 1771 941 1860 ἐσώθησαν.
983 1767 1017 1836 τό
1041 1774 1076 1837 δὲ
1100 1765 1214 1840 όθλιον

77 1878 214 1940 15ἒκεῖνο
235 1873 298 1939 τῶν
313 1875 459 1958 γεωργοῖν
480 1872 535 1937 καί
547 1877 670 1955 βοσκοῖν
685 1874 864 1958 στράτευμα
885 1871 999 1956 μὲτόν
1015 1876 1213 1957 ψευόωστρο-
1284 1874 1306 1940 ⁰,

113 1976 205 2058 λόγον
227 1975 398 2059 στρατηγόν
418 1998 473 2040 του
495 1972 665 2060 ἐφόυαζαν
685 1974 719 2040 τό
736 1972 825 2060 κύριε
841 1977 981 2060 ἐλέησον,
1004 1973 1059 2040 καί
1076 1974 1212 2058 χαρότζι
1276 2005 1281 2013 ·

112 2075 396 2160 χαρατζόπουλον,
425 2077 481 2140 κατ’
508 2077 661 2156 α’ναζοῦλι
697 2075 988 2158 αὐαζονλόπουλον,
1012 2075 1216 2157 αἰνιττόμενοι

114 2174 169 2242 τόν
191 2176 260 2242 νέον
283 2174 390 2261 φόρον,
410 2174 464 2242 τόν
486 2171 593 2240 όποῖον
609 2167 658 2260 όχι
681 2173 742 2261 πρὸ
762 2179 886 2240 πολλῶν
908 2175 1034 2262 ἦμερῶν
1057 2173 1087 2241 οἱ
1111 2181 1215 2262 Τοῦρι-
1263 2201 1265 2210 ι

114 2301 163 2342 κστ
187 2270 280 2361 εἶχαν
300 2276 454 2358 ε’πιβόλει.
510 2267 600 2342 οὗτοι
632 2280 667 2342 δὲ
688 2274 880 2356 α’κοόσαντες
910 2275 946 2341 τό
968 2277 1058 2362 κύριε
1079 2280 1216 2365 ἐλέησον,

76 2380 290 2463 λθέγνεόρισαν
313 2371 361 2442 ὅτι
383 2370 482 2462 ἦλθον
504 2383 569 2444 κατ’
593 2380 697 2444 αὐτοῖν
718 2377 747 2444 οῖ
763 2381 959 2463 Χριστιανοί,
981 2382 1035 2444 καί
1051 2361 1216 2462 παρευθός

115 2477 257 2563 ἔδραμον
280 2471 346 2546 ὅλοι
367 2476 500 2565 ἔφιπποι
522 2485 577 2544 καί
596 2479 718 2544 δυνατοὶ
743 2479 984 2563 ἁρματωμένοι,
1006 2479 1061 2545 καί
1077 2482 1215 2564 τρίψαν-

115 2602 165 2656 εες
187 2577 314 2666 Ιαότοός
346 2580 390 2656 είς
421 2580 526 2668 φυγήν
547 2576 684 2657 ου’κόλως
716 2577 760 2656 οἱς
792 2580 904 2660 πεζοός
933 2584 987 2648 κατ’
1009 2579 1054 2668 μὴ
1087 2577 1216 2664 ἔχοντας

217 2892 280 2946 Post
298 2891 397 2944 multos
414 2891 524 2956 turbas,
551 2908 618 2962 ques
642 2890 709 2944 ebrii
729 2897 808 2943 etex
827 2891 880 2944 elia
900 2893 928 2944 in
949 2893 1030 2946 llinm
1057 2897 1214 2965 transgressi
1246 2945 1248 2950 ,

117 2963 214 3018 urbem
234 2965 426 3028 excitaverunt,
446 2966 540 3034 aliquo
562 2964 607 3015 die
626 2980 718 3016 omnes
738 2965 900 3034 congregati,
921 2965 1010 3018 subito
1030 2967 1129 3034 egressi
1149 2975 1214 3020 sunt
1264 3027 1268 3038 ,

116 3037 341 3102 Turcogranizum
361 3045 389 3088 et·
409 3035 587 3098 Zarubusern,
617 3052 686 3106 quae
711 3035 837 3088 horarum
856 3038 943 3106 spatio
964 3037 1075 3089 durarum
1096 3055 1111 3088 a
1132 3053 1213 3108 suprs
1264 3073 1266 3078 -

116 3116 324 3160 commemorato
344 3109 506 3160 monasterio
524 3107 646 3172 aberant,
666 3115 693 3160 et
713 3109 788 3158 necti
800 3109 822 3160 T
824 3126 908 3170 urnas,
925 3112 972 3181 qui
984 3110 1024 3162 ibi
1041 3108 1212 3174 habitabunt,

115 3180 295 3250 imperantes,
316 3197 408 3232 omnes
429 3188 569 3242 necarunt,
592 3188 619 3231 et
642 3181 700 3232 locs
719 3179 932 3232 devastaverunt.
1219 3191 1221 3194 '

127 3281 129 3290 ‘
219 3259 330 3331 Deinde,
350 3269 444 3320 eodem
466 3285 537 3319 enno
556 3269 654 3318 mensis
675 3269 842 3338 Septembris
862 3269 906 3321 die
929 3270 1043 3334 decimo,
1064 3289 1123 3324 cum
1144 3271 1213 3324 duce

73 3353 76 3363 ⁴
115 3358 165 3394 suo
185 3339 318 3391 monacho
337 3347 419 3392 nocte
439 3349 530 3391 eontra
551 3340 916 3408 loanninumprolectisunt‚
939 3350 967 3392 et
986 3342 1080 3393 urbem
1099 3345 1213 3410 ingressi

115 3413 207 3466 statim
227 3411 402 3464 coniecerunt
423 3411 510 3480 ignem
532 3411 561 3462 in
581 3410 688 3460 domum
699 3411 848 3472 Asumanis,
866 3413 912 3478 qui
933 3419 989 3462 tum
1011 3422 1069 3464 eret
1088 3413 1212 3467 domiuus

115 3481 252 3554 (pascha),
272 3492 299 3534 et
316 3483 439 3535 homines
460 3483 558 3534 multos
578 3490 605 3533 et
624 3481 780 3533 thesaurum
802 3483 903 3548 regium
922 3482 1142 3551 ,combusserunt3
1165 3503 1214 3555 pe·

114 3555 180 3610 sebe
203 3563 293 3606 nutem
313 3563 340 3606 et
362 3570 428 3606 uxor
446 3555 503 3606 eius
522 3570 537 3603 e
559 3555 662 3622 postico
688 3571 746 3605 sese
763 3555 972 3624 proripuerunt,
1000 3563 1027 3606 et
1046 3555 1112 3606 nudi
1132 3565 1212 3608 nocte

114 3627 297 3696 aufugerunt,
325 3633 352 3676 et
370 3627 467 3678 servati
489 3633 559 3678 sunt.
597 3627 787 3680 miserentem
808 3627 855 3678 ille
875 3625 1051 3693 agricolarum
1072 3635 1100 3678 et
1119 3636 1212 3696 pasto·

115 3717 175 3750 rum
195 3697 328 3752 exercitus
347 3715 412 3748 oum·
426 3697 494 3750 duce
514 3699 649 3766 astrologo
663 3699 855 3761 exclamarunt,
874 3695 949 3764 kyrie
961 3697 1069 3750 eleeson
1089 3698 1212 3767 (domins

115 3772 245 3822 miserere
263 3776 325 3833 nos)
347 3777 375 3821 et
392 3769 473 3821 breve
496 3768 619 3820 Charat'zi
639 3777 667 3820 et
687 3770 807 3834 tnusuli,
826 3768 1007 3837 significantes
1027 3771 1141 3836 vectigal
1162 3788 1213 3822 no.

116 3859 196 3903 vum,
223 3839 298 3910 quod
324 3856 379 3892 uon
401 3842 493 3892 rnultis
511 3839 606 3891 diebus
624 3849 687 3892 unte
707 3841 731 3892 'l'
735 3857 813 3892 ureae
832 3843 1037 3911 imperaverunt.
1074 3840 1213 3894 hinniens

118 3930 179 3962 curn
199 3911 324 3963 audirent
341 3912 412 3962 illud
430 3911 505 3980 lyrie
517 3911 636 3975 eleeson,
655 3913 859 3977 intellexerunt,
877 3913 1043 3965 Christianos
1053 3930 1081 3963 se
1094 3915 1212 3982 eggredi,

118 3985 266 4054 statimque
286 3999 378 4034 omnes
397 3983 574 4035 adcurrerunt
593 3984 668 4052 equis
692 3983 791 4036 sublati
820 3994 847 4035 et
874 4002 954 4055 quem
974 3985 1089 4036 maxime
1107 3987 1224 4048 armati,-

119 4065 147 4106 et
168 4065 313 4124 postquem
336 4072 382 4106 eos
406 4057 436 4108 in
462 4055 551 4122 sugam
580 4055 659 4106 facile
678 4064 831 4118 verterunt,
861 4057 965 4125 pedites
992 4072 1081 4126 neque
1106 4055 1212 4110 bellicis
1272 4097 1302 4126 ,y

120 4129 200 4178 armis
220 4127 339 4189 indutos,
359 4127 458 4179 mullos
481 4127 678 4178 interfecerunt
697 4145 751 4180 non
771 4128 857 4180 solum
878 4127 983 4190 hostes,
1003 4126 1050 4180 ssd
1069 4129 1149 4180 etiem
1167 4131 1212 4180 in·

120 4207 248 4252 nocentes
257 4238 267 4292 ,Ι
286 4199 364 4269 quia,
383 4215 441 4251 curn
464 4198 600 4251 dominice
619 4197 843 4272 subsequeretur,
864 4201 892 4254 in
909 4202 953 4254 vin
974 4215 1019 4254 eos
1038 4209 1211 4284 exceperunt,
