2954 4816
235 253 305 331 134
677 264 871 334 ursinum

230 411 352 480 ἔδωκαν
378 411 479 476 αὐτοῦ
506 410 540 476 τὸ
568 413 682 496 μικρὸν
713 420 845 500 μήνυμα
879 415 959 482 κατα
987 415 1057 500 τὴν·
1076 417 1182 500 ια’ξιν,
1213 423 1268 484 καί
1294 419 1331 484 τὸ

230 505 378 592 ἑσπέρας,
400 510 460 596 ἀφ’
489 501 534 574 οὗ
551 511 716 597 ἐψάλθηὸ
743 512 927 599 ἑσπερινός,
948 514 1070 580 ἔδωκαν
1092 517 1196 580 adteri
1219 521 1274 580 καί
1292 518 1329 582 τὸ

230 611 324 690 μέγα.
366 613 421 674 καί
439 609 495 674 τὸν
516 611 738 692 χριστώνυμον
758 611 834 676 λαὸν
854 617 913 677 τοῦ
933 613 1046 695 κυριόυ
1068 617 1254 699 ου’λογησας,
1276 617 1334 677 ε’πί

231 711 289 772 τοῦ
309 713 542 791 πατριαρχικοῦ
564 709 683 791 θρόνου
705 709 845 797 α’ναβᾰς,
866 711 947 788 μετὰ
969 711 1028 794 τὴν
1048 715 1207 776 τελείωσιν
1228 715 1332 794 οἶπῆλ-

187 857 190 866 ,
233 813 290 873 θεν
311 809 344 868 ἑν
375 811 417 892 τῷ
446 810 524 892 θείῳ
545 810 655 894 κελλίιρ
687 813 731 893 τῷ
760 813 988 896 πατριαρχικηῖ.
1036 802 1110 891 ἦτον
1135 813 1170 873 δὲ
1198 809 1260 873 α’πδ
1291 807 1361 873 tritt

233 899 322 986 ἅγιον
345 898 425 983 ὅρος.
469 909 523 967 καί
545 904 634 969 duris
654 905 736 987 ἔγινε
750 910 959 991 πατριάρχης,
981 911 1091 989 εδγηκε
1113 907 1208 971 κακὰν
1230 899 1333 987 ὄνομα

233 1007 302 1068 κατ’
325 1002 435 1085 αὐτοῦ,
456 1003 511 1066 καί
531 999 668 1088 ὕβριζον
692 1006 790 1070 αδτδν
812 1005 841 1069 οἱ
862 1011 1064 1088 Χριστιανοί,
1089 1004 1256 1086 ἱερωμένοι
1275 1007 1336 1071 καί

233 1105 345 1166 λαϊκοί.
400 1105 456 1164 καί
478 1088 608 1177 δικαίας
634 1099 656 1185 η”
685 1104 802 1178 α’δίκιος
829 1097 905 1186 ἦτον
935 1104 1016 1166 ὀποῦ
1036 1105 1090 1168 τὸν
1111 1099 1255 1184 δβριζαν,
1275 1109 1356 1170 καί

232 1198 291 1289 τὰς
312 1203 496 1282 κατηγορίας
518 1201 599 1263 ὀποῦ
620 1205 678 1266 τοῦ
691 1200 814 1283 ἔλεγαυ,
833 1203 929 1278 ου’τδς
950 1205 1064 1291 η’ξεύρη
1081 1207 1124 1264 δι’
1146 1204 1252 1282 adrat,
1275 1205 1335 1266 καί

235 1298 335 1373 ου’τδς
357 1295 424 1379 εἶχε
447 1297 484 1362 ad
509 1299 594 1385 διόοη
617 1303 709 1382 λόγον
732 1303 765 1364 ἐν
786 1307 825 1388 τῇ
849 1300 1016 1392 ημέρητῆς
1038 1293 1383 1388 hainanhusun-10

235 1399 481 1479 βερᾶςρκείνης.
1339 1478 1340 1486 ¹

309 1487 427 1574 Ἕκαμε
448 1497 483 1559 δὲ
506 1493 523 1558 ὅ
543 1490 641 1569 αι’τὸς
657 1493 807 1576 Μάξιμος
829 1499 873 1573 εἰς
890 1498 944 1562 τὸν
965 1496 1196 1590 πατριαρχικὸν
1216 1497 1345 1582 θρόνον.
1422 1508 1426 1514 ’

199 1604 207 1609 ’
234 1590 372 1677 χρόνους
394 1597 465 1678 ἓξιμ
500 1594 554 1658 καί
575 1593 656 1677 ἕγινε
670 1593 805 1676 μεγάλου
819 1599 994 1660 σκάνδαλον
1014 1599 1076 1660 α’πό
1099 1601 1172 1661 ἓναν
1191 1584 1335 1678 μοναχὸν

235 1694 428 1776 καλόγηρον,
456 1693 589 1774 ὀνόματι
610 1697 640 1758 Γ
639 1695 772 1778 αβριὴλ·
827 1697 882 1758 κατ’
904 1689 1041 1776 εδγαλαν
1072 1695 1171 1759 αὐτὸν
1194 1693 1249 1759 τὸν
1267 1720 1336 1757 πα·
1367 1739 1373 1743 -

235 1790 402 1875 τριάρχην,
426 1793 518 1874 κύριν
539 1793 702 1872 Μάξιμον,
724 1798 758 1858 ἑκ
778 1797 835 1858 τοῦ
859 1782 1090 1876 πατριαρχικοῦ
1111 1796 1237 1878 θρόνου.
1278 1797 1338 1857 καί
1350 1809 1386 1864 15

235 1887 373 1955 συνόδου
401 1895 583 1976 γενομένης,
612 1897 688 1975 περί
708 1901 795 1956 ποῖον
824 1891 862 1958 νδ
887 1891 1008 1972 κιλμουν
1030 1893 1239 1978 πατριάρχην,
1257 1892 1337 1972 δμο·

101 2008 106 2012 ’
157 2038 160 2042 .
217 1985 352 2074 ’φοίνιος
373 1991 608 2072 ἑπροσκοίλεσαν
628 1996 754 2056 τοῦτον·
789 2009 799 2028 ·

404 2163 607 2229 ΝΗΦΩΝΑ
630 2165 722 2228 πάλιν
750 2166 806 2229 τὸν
827 2163 934 2249 πρώην
957 2163 1167 2248 πατριαρχην.

317 2301 511 2380 Ἐκλὲξαντες
544 2305 580 2367 δὲ
610 2306 762 2387 δευτέραν
787 2303 890 2390 φορὰν
923 2304 976 2368 διαὶ
1000 2301 1198 2389 πατριδρχην
1216 2309 1338 2388 τοῦτον,

239 2401 427 2466 ἀπέστειλαν
456 2401 511 2466 καί
538 2401 590 2466 τὸν
622 2395 746 2488 ἦφεραν
767 2407 812 2478 είς
831 2403 888 2488 την
910 2404 1049 2486 μεγάλην
1072 2406 1257 2487 ἐκκλησίαν,
1283 2408 1388 2474 naiso

239 2496 295 2564 τὸν
316 2499 548 2584 πατριαρχικὸν
570 2499 686 2585 θρόνον
703 2503 883 2582 ,ἐπαναλαβε
904 2501 990 2582 παρὰ
1012 2505 1066 2584 τῆς
1089 2507 1177 2575 θείας
1198 2501 1338 2566 συνόδου

240 2598 416 2685 ἀρχιερέων
437 2604 592 2686 κληρικῶν
612 2600 773 2686 ἀρχόντων
805 2601 860 2665 καί
879 2601 996 2676 παντὸς
1019 2605 1077 2664 τοῦ
1099 2599 1339 2682 Χριστοινδμοο

245 2875 343 2929 δεεσσε
363 2877 507 2928 indiciumr
526 2877 631 2944 vesperi
650 2883 749 2946 antem,
777 2885 855 2927 canto
875 2877 971 2930 usitato
993 2874 1146 2934 decantato,
1166 2871 1341 2924 tradiderunt

245 2955 273 2998 et
290 2949 384 2997 maius.
422 2949 467 3016 qui
494 2947 597 3016 populo
619 2946 770 2996 ChrIstiauo
788 2948 826 2996 tin
851 2946 1029 3016 patriarchico
1054 2952 1177 3012 suggesto
1205 2943 1292 2994 fausta
1310 2954 1341 2993 et

245 3018 337 3072 felicia
358 3025 498 3084 precatus,
529 3017 609 3068 rebus
631 3017 755 3068 omnibus
775 3017 826 3066 rite
848 3015 992 3084 perfectis,
1012 3016 1040 3065 in
1062 3014 1264 3064 sacratissimam
1286 3029 1338 3081 pa-

244 3085 416 3138 triarchicum
439 3087 508 3138 abiit
525 3087 631 3136 celiam.
668 3094 778 3151 venerat
797 3088 818 3136 is
846 3103 860 3136 e
880 3094 971 3137 sancto
990 3093 1099 3150 monte3
1117 3101 1231 3154 cumque
1250 3084 1339 3152 patri-

246 3155 351 3206 archica
369 3155 499 3222 dignitate
513 3163 656 3206 exornatus
676 3165 755 3218 esset,
776 3157 843 3207 exiit
859 3157 965 3210 sinistra
979 3154 1110 3224 quaedam
1126 3155 1196 3204 fama
1214 3153 1248 3203 de
1266 3155 1339 3220 ipso.

246 3227 340 3294 itaque
361 3225 479 3279 hrdibrio
499 3227 552 3276 fuit
571 3225 739 3288 Christianis,
760 3235 814 3276 tum
836 3228 917 3277 sacris
937 3237 992 3276 tum
1011 3225 1095 3286 laicis.
1125 3225 1220 3274 iurene
1241 3240 1274 3274 on
1292 3224 1339 3271 in-

245 3297 315 3348 iuria
335 3297 522 3347 criminatione
544 3295 577 3346 de
596 3297 655 3364 ipso
674 3313 773 3365 sparsa,
791 3299 849 3368 ipse
867 3297 981 3358 noverit,
1002 3297 1133 3347 rationem
1152 3295 1179 3344 iu
1200 3295 1243 3344 die
1262 3293 1339 3344 illius

245 3371 331 3420 severi
348 3384 378 3416 ac
396 3369 460 3418 iusti
482 3366 579 3418 iudicii
599 3367 762 3420 redditurus.

167 3519 170 3526 Ι
315 3455 434 3504 Praefuit
453 3453 497 3505 hir
517 3453 668 3523 patriarcha
690 3455 857 3504 sexennium.
880 3461 943 3504 tunc
962 3469 1056 3520 magua
1077 3453 1225 3505 offensione
1243 3467 1257 3500 a
1276 3467 1339 3500 mo·

244 3524 332 3578 nacho
352 3523 478 3592 quodam,
498 3527 541 3574 cui
557 3542 657 3595 nomen
677 3523 819 3574 Gabrielus
840 3532 983 3582 eunoun
1003 3523 1135 3572 deductus
1154 3531 1195 3572 est
1206 3521 1340 3572 Maximus

246 3609 262 3646 ο
286 3595 463 3662 patriarchico
493 3595 600 3646 throno.
637 3593 701 3644 inde
731 3594 845 3646 concilio
872 3593 1002 3645 advocato
1029 3593 1062 3644 de
1090 3609 1160 3643 novo
1187 3591 1341 3660 patriarcha

246 3664 413 3728 sufficiendo,
432 3663 666 3716 consentientibus
684 3663 795 3716 vocibus
814 3665 913 3716 accitus
934 3671 974 3714 est
992 3664 1014 3714 is
1034 3663 1081 3732 qui
1100 3661 1232 3732 sequitur.

432 3823 501 3874 xtu.
540 3823 565 3873 P.
585 3823 691 3874 NIPHO
710 3825 834 3894 superior
851 3823 1031 3892 patriarchatu
1054 3824 1160 3875 iterata.

314 3961 392 4011 Hunc
410 3976 469 4010 cum
489 3959 586 4008 iterum
605 3959 734 4026 legissent
753 3959 941 4028 patriarcham,
959 3959 1092 4010 miserunt
1111 3959 1157 4028 qui
1176 3955 1345 4029 adducerent

247 4031 335 4098 ipsum
355 4032 382 4080 iu
401 4046 522 4096 magnam
545 4029 692 4079 ecclesiam.
742 4031 777 4080 ita
802 4031 927 4080 thronum
955 4029 1122 4098 recuperavit
1140 4029 1278 4076 voluntate
1298 4042 1343 4076 sa-

247 4117 307 4153 crae
325 4101 419 4169 synodi
450 4101 608 4173 pontificum
631 4101 786 4152 clericorum
803 4117 944 4172 procerum
972 4109 999 4154 et
1019 4101 1104 4152 totius
1128 4097 1270 4150 Christiani
1290 4113 1344 4170 po-
