2922 4824
554 259 754 326 sontum.
1116 255 1185 350 ι53

180 405 258 484 Εἶτα
281 408 446 492 στρατεύει
469 409 503 476 ὄν
527 412 700 498 Μαγνησίᾳ
724 408 804 473 κατά
836 413 893 475 τοῦ
914 411 1057 495 ἀδελφοῦ
1076 410 1189 492 atrro,

100 513 136 590 tl<
155 519 249 580 rosim
272 508 427 589 α’κοάαας,
460 505 509 572 ὅτι
532 507 711 592 ’στρατεύει
732 513 802 572 κατ’
824 512 924 574 aurosi
936 555 946 589 ‚
977 507 1077 591 ἐμβάς
1097 509 1142 585 είς
1166 507 1190 574 ά

100 611 166 698 εἶχε
185 611 336 695 πλοιάρια
361 607 459 694 ἔφυγε
474 608 530 673 καί
550 611 692 691 ἀπῆλθεν
714 612 759 684 εἰς
780 607 953 692 Αἴγυπτον,
977 611 1078 693 ζητῶν
1101 607 1189 693 παρά

100 719 157 778 τοῦ
179 715 248 777 ἐκεῖ
264 705 436 774 οοολτάνοιι
456 708 611 791 βοήθειαν
634 708 714 790 πρὸς
736 707 770 772 τά
791 707 1019 784 ἀντιτάξασθαι
1039 715 1081 796 τῷ
1094 711 1190 772 ἀδελ-

73 817 160 899 5φῷ.
220 806 390 889 ἀποτυχών
417 809 453 870 δὲ
486 811 634 872 ἀπελθεῖν
666 811 710 884 είς
742 810 954 893 προσκύνησιν
985 811 1031 884 τίς
1058 811 1191 873 Μίκκαν

100 915 262 998 ἠθέλησεν.
307 903 349 983 ὥς
369 910 403 972 δὲ
423 910 476 972 καί
495 911 584 972 τοῦτο
600 907 756 972 ἐκώλυσεν
776 908 883 989 αάτόν,
904 907 1002 994 ἔφυγε
1023 905 1118 972 πάλιν
1139 905 1194 972 κατ’

100 1013 235 1094 ἀνῆλθεν
263 1007 308 1082 εἷς
331 1007 454 1072 Ῥόδον.
499 1005 689 1084 ἀπεδέξαντο
720 1009 755 1072 δὲ
788 1006 884 1071 αὐτὸν
918 1003 947 1070 ui
973 1007 1096 1071 Ῥόδιοι
1110 1003 1192 1086 μετά

98 1113 213 1192 χαράς.
257 1111 292 1172 ἐν
315 1101 378 1193 άοφ
402 1107 436 1167 δὲ
457 1098 495 1187 ἦν
512 1105 584 1183 ἐκεῖ,
608 1098 644 1166 ori
666 1108 820 1169 διέλὲιπιν
841 1105 857 1168 ὁ
881 1093 1020 1188 άιλελφὸςΔ
1043 1100 1191 1184 ae’rori‚ti

98 1205 250 1290 βασιλεύς
272 1205 355 1292 φημί
374 1207 429 1288 τής
450 1200 587 1284 πόλεως,
617 1207 751 1284 πέμπειν
782 1201 903 1286 δωρεάς
923 1201 1003 1286 πρὸς
1023 1200 1097 1279 τοὺς
1117 1203 1192 1283 ἐκεῖ,

57 1311 149 1379 wito
172 1305 374 1392 φυλάττωσιν
396 1303 495 1367 αάτόν
518 1299 683 1388 ἀσφαλῶς.
736 1302 861 1384 χρόνων
884 1305 919 1368 δέ
941 1327 1033 1366 τινων
1055 1305 1193 1385 διαδρα-

97 1405 223 1486 μόντων
247 1403 373 1488 ἀφήκαν
393 1401 490 1466 οιάτάν
523 1403 631 1490 γνώμη
653 1401 708 1465 καί
726 1405 783 1466 τοῦ
806 1403 955 1487 ἀδελφοῦ,
976 1406 1030 1467 καί
1050 1403 1192 1485 ἀπῆλθον

97 1507 142 1580 εἰς
164 1507 196 1568 Γ
193 1509 340 1584 ε’νουβαν.
390 1503 538 1588 ἐφοβεῖτο
571 1499 633 1584 γάρ
663 1500 678 1564 ὁ
709 1496 849 1586 ἀδελφάς
873 1502 989 1586 ἵναμή
1017 1503 1138 1589 περάση
1160 1500 1192 1566 ἑν

96 1609 133 1692 τῇ
164 1603 306 1687 ἀνατολῇ
339 1605 395 1665 καί
422 1598 537 1687 ποιήσῃ
570 1601 744 1664 σκάνδαλον
774 1603 831 1664 καί
859 1598 988 1682 πόλεμοι
1018 1605 1191 1683 γένωνται·

96 1707 246 1788 ἐφοβεῖτο
268 1703 302 1764 δὲ
324 1700 358 1765 ro'
384 1704 476 1764 πλέον
496 1701 531 1764 ἐκ
552 1703 614 1763 raris
635 1699 865 1783 Βαροαιιίδων,
887 1705 920 1766 οἳ
937 1701 976 1764 ori
996 1707 1100 1776 καλαῖς
1124 1705 1193 1765 trt-

56 1823 199 1874 ι5κειντο
213 1802 308 1885 αύτῷ.
330 1799 514 1884 ἐποιήσαντο
538 1792 594 1862 οὖν
613 1800 731 1883 βουλήν
752 1797 832 1879 μετά
846 1823 879 1863 τε
901 1805 1193 1884 τάνΒαρσακι’δων,

94 1900 178 1982 μετά
200 1903 263 1964 ταῖν
282 1901 566 1981 Τουρκατορλίάων
587 1901 642 1962 κατ’
657 1903 908 1980 Καραμανιδοὸν,
932 1893 1017 1976 ὅπως
1036 1900 1194 1985 ποιήσωσι

93 2001 154 2065 τὸν
179 2003 302 2084 Τζὲμην
323 1999 479 2084 αὐθέντην
511 2001 545 2062 ἐν
565 2001 601 2086 τῇ
624 2000 770 2084 ἀνατολῇ.
827 1998 903 2084 till
929 1997 1193 2080 ε’νωιιοάμινοςά

94 2101 270 2172 σουλτάνος
301 2101 356 2182 τῆς
385 2096 506 2173 πόλεως
540 2096 675 2181 ἐμήνυσε
709 2107 774 2174 τοῖς
792 2098 943 2180 Ῥοδίοις,
971 2103 1024 2163 καί
1045 2097 1195 2181 ἔπεμψαν

98 2198 198 2262 αάτόν
219 2195 253 2262 ἐν
274 2201 400 2284 Ἰταλίᾳ.
453 2201 542 2288 τέλος
575 2201 610 2260 δὲ
630 2196 697 2260 ἐκεῖ
714 2198 919 2280 διερχόμενος
948 2202 1139 2283 κατήντησεν
1159 2201 1194 2264 ἐν

53 2297 210 2385 οοῬωμη.
254 2298 453 2382 ὑπάρχοντος
475 2299 510 2360 δὲ
531 2299 631 2363 ιιάτοῦ
652 2301 720 2362 ἐκεῖ
724 2347 733 2379 ,
755 2299 966 2382 διεμηνάοατο
986 2307 1048 2374 τοῖς
1062 2302 1194 2364 Βενετί-

98 2423 175 2478 ιιοις,
206 2397 287 2482 ἔχων
318 2403 428 2483 φιλίαν
448 2404 518 2478 μετ’
540 2400 662 2484 οιάταῖν,
692 2399 743 2463 ἳνα
774 2402 932 2489 φαρμάκῳ
964 2401 1197 2486 διαφθείρωσιν

59 2569 62 2583 ,
99 2497 205 2564 αὐτόν.
248 2495 327 2582 tte}
348 2497 403 2562 καί
420 2500 593 2585 ἐποίησαν·
644 2497 792 2582 ἔπεμψαν
822 2499 880 2584 γάρ
912 2499 991 2584 πρὸς
1015 2498 1113 2564 αὐτὸν
1135 2493 1203 2581 ἀρ-’

171 2653 198 2728 5'.
217 2677 249 2731 ἐν
268 2674 307 2747 τῷ
324 2675 428 2748 peric

173 2827 288 2880 Posthac
310 2829 340 2880 in
365 2827 565 2898 expeditionem
584 2827 749 2896 Magnesiam
774 2845 864 2880 versus
891 2836 984 2880 contra
1003 2828 1111 2879 fratrem
1131 2845 1196 2896 pro·

102 2901 189 2951 lectus
208 2901 268 2964 esti
285 2901 333 2970 qui
350 2898 403 2950 boc
433 2899 543 2961 erudito,
562 2915 659 2970 nempe
677 2899 706 2951 iu
724 2915 752 2950 se
772 2899 827 2962 iri,
848 2901 1022 2962 conscensis,
1043 2915 1112 2970 quoe
1131 2907 1196 2949 tunc

101 2970 294 3038 suppetebant,
312 2971 455 3037 navigiolis
475 2971 596 3040 profugit
616 2973 644 3021 in
665 2972 823 3038 Aegyptum,
842 2971 877 3021 ab
895 2969 975 3022 huius
999 2971 1106 3021 sultano
1128 2987 1196 3039 sup-

101 3041 167 3111 plex
188 3057 279 3109 opem,
297 3057 348 3110 quo
371 3042 445 3092 fratri
464 3041 570 3094 obviam
588 3041 627 3092 ire
649 3051 750 3110 posset,
767 3051 872 3112 petens.
909 3059 961 3111 qua
980 3057 1026 3110 spe
1045 3041 1196 3102 frustratus,

101 3111 225 3162 blecbam
255 3119 284 3162 ut
312 3113 448 3179 religionis
471 3129 533 3180 ergo
559 3115 791 3181 peregrinaretur,
810 3115 839 3163 in
859 3113 976 3163 animum
996 3112 1111 3164 indbxit.
1149 3111 1198 3163 sed

101 3183 154 3232 boc
175 3183 256 3234 etiam
277 3193 376 3234 conatu
396 3200 411 3233 s
432 3183 512 3234 fratre
532 3182 661 3245 deiectus,
683 3201 772 3234 rursus
795 3184 883 3252 fugam
903 3183 1198 3252 commentationum

102 3253 194 3324 petiit,
211 3254 304 3324 ibique
323 3254 477 3305 humaniter
495 3263 522 3305 et
540 3271 600 3304 cum
620 3255 800 3322 gratulatione
820 3264 949 3324 exceptus
970 3254 1029 3306 luit.
1066 3254 1197 3323 quamdiu

102 3335 193 3375 autem
214 3325 252 3374 ibi
271 3333 450 3384 commoratus
468 3333 528 3388 est,
558 3326 617 3376 sine
636 3326 836 3377 intermissione
862 3327 1029 3386 fraternus,
1048 3341 1093 3376 rex
1115 3326 1196 3388 urbis,

102 3395 174 3446 dona
192 3394 227 3445 acl
249 3393 377 3462 primores
397 3397 471 3446 illius
490 3397 543 3447 loci
561 3398 642 3458 misit,
664 3405 759 3466 petens
778 3397 856 3446 illum
875 3405 996 3458 tuto‚,·ne
1018 3413 1071 3464 qua
1092 3399 1194 3462 effuge·

102 3475 153 3528 ret,
173 3465 313 3516 custodiri.
350 3459 492 3534 aliquanto
507 3467 606 3518 deinde
629 3475 749 3537 tempore
770 3475 862 3517 exacto
879 3466 943 3518 inde
961 3466 1071 3517 emissus
1090 3475 1140 3528 est,
1159 3463 1194 3515 de

102 3537 240 3588 sententia
262 3537 343 3587 etiarn
361 3538 465 3602 fratris3
486 3555 516 3588 ac
534 3555 561 3588 se
574 3538 695 3590 Genuam
714 3539 841 3589 contulit.
878 3535 1014 3588 metueb'at
1035 3537 1136 3604 quippe
1150 3551 1196 3585 rex

102 3625 136 3657 nc
157 3609 184 3657 in
196 3607 335 3658 Orientem
352 3609 486 3658 transiens
504 3609 594 3660 turbas
616 3611 755 3669 excitaret,
774 3626 788 3659 e
808 3607 905 3678 quibus
918 3607 1020 3658 bellum
1039 3607 1118 3657 civile
1137 3607 1197 3656 exi-

103 3686 194 3729 steret
232 3679 316 3745 tnagis
345 3687 438 3730 autem
454 3689 527 3730 metu
546 3677 744 3730 Barsocidarum
765 3679 993 3742 commovebatur,
1015 3695 1082 3748 quos
1100 3677 1197 3726 animis

103 3766 160 3800 nun
189 3747 259 3798 bene
285 3765 347 3815 erga
374 3766 402 3800 se
420 3753 529 3801 affectos
556 3751 663 3801 sciebat.
709 3751 805 3800 initum
835 3767 932 3820 nempe
956 3751 1027 3800 iuter
1045 3746 1197 3800 Barsacidos

104 3830 132 3870 et
152 3819 353 3886 Turcatyrlidos
372 3829 400 3872 et
418 3819 607 3872 Caramanidas
632 3820 681 3888 (sic
700 3821 797 3872 Cilices
825 3821 907 3872 lsoclie
928 3821 1110 3890 appellantur)
1131 3835 1197 3868 con-

103 3891 195 3942 silium
215 3890 325 3942 creandi
344 3892 437 3942 Zemae
456 3893 484 3944 iu
496 3892 607 3944 Oriente
629 3891 701 3957 regis·
714 3894 780 3942 erat.
818 3893 968 3962 quodcum
988 3889 1021 3940 orl
1043 3905 1120 3940 aures
1138 3889 1198 3939 sul-

104 3963 162 4014 tani
184 3962 258 4012 urbis
278 3964 466 4030 pervenisset,
499 3961 532 4014 de
552 3980 584 4014 eo
611 3960 728 4012 nhodtos
754 3964 882 4014 certiores
901 3964 974 4025 fecit,
992 3962 1039 4031 qui
1060 3960 1197 4012 hominem
1286 3974 1288 3982 ’

104 4035 133 4084 in
152 4033 260 4083 ltaliam
279 4033 447 4102 ablegarunt.
486 4050 539 4102 quo
558 4043 698 4102 postquam
720 4032 824 4086 delatus
844 4033 904 4095 suit,
925 4033 1004 4083 variis
1014 4031 1052 4080 ibi
1070 4049 1198 4102 peragra—
1222 4064 1224 4074 ι

104 4106 139 4154 tia
161 4103 228 4155 locis
248 4103 357 4156 taudem
378 4107 486 4156 Romam
506 4104 610 4156 incidit.
648 4105 694 4154 ubi
716 4121 775 4154 cum
794 4113 872 4167 esset,
895 4121 952 4154 cum
974 4103 1085 4158 Venetis
1105 4119 1197 4174 pacem
