2954 4816
521 256 837 325 instituentes.
1149 243 1198 316 89

100 407 281 496 μετεβλήθη
304 411 350 484 εἷς
369 405 426 493 τήν
443 409 547 491 σόριιο
570 404 591 493 ἢ
613 408 672 494 τὴν
694 403 804 491 ψογὴν
833 411 892 470 τοῦ
915 407 1068 491 Χριστοῦ,
1089 397 1200 488 οῦττῆ

100 512 191 594 οιὶρξ
214 513 272 574 τοῦ
302 511 448 590 Χριστοῦ
482 505 502 593 ἢ
533 507 663 594 ἡψυχὴ
696 509 797 572 οῦτοῦ
821 503 1001 590 μετετρόπη
1032 508 1078 582 εἰς
1109 502 1200 588 λόγον

20 671 21 680 ,
102 612 196 694 θεοῦ,
217 605 297 674 α’λλό
326 601 366 692 ἤν
389 613 444 674 καί
464 606 549 674 ἔστιν
570 613 603 674 όν
623 613 667 698 rigi
687 609 828 694 Χριστῷ,
859 602 938 686 μετό
962 605 1017 688 τὴν
1038 605 1199 688 ῦπερθιιό-

101 707 223 788 μόστον
252 707 352 774 οότοῦ
372 709 551 788 οἰκονομίαν
572 710 710 792 ἐκείνην,
738 705 754 772 ό
775 709 834 786 μὲν
856 707 914 768 τοῦ
934 707 1014 768 θεοῦ
1036 705 1126 788 λόγος
1147 701 1200 768 λό·

81 819 169 887 5γος,
192 805 212 886 ἦ
238 807 273 868 (ii
295 801 501 888 όνθροιπότης
531 804 747 889 όνθροιπότιγς.
802 801 857 866 uui
876 795 925 866 ότι
946 796 984 864 οῦ
1007 807 1202 884 προσέλαβεν

104 904 123 986 ἡ
154 901 364 987 όνθροιπότρς
397 907 453 968 τοῦ
489 905 633 986 Χριστοῦ
661 901 717 986 τὴν
749 900 904 985 θεότρτο,
936 903 1006 964 ἀλλ’
1035 900 1054 984 ἦ
1087 901 1202 986 θεότης

103 1007 165 1065 τοῦ
201 999 293 1083 λόγον
330 1003 386 1066 τοῦ
425 1005 505 1069 θεοῦ
533 1005 712 1084 προσέλαβε
754 998 810 1082 τόν
845 999 1047 1084 ιόνθροοιιεόαν
1087 1000 1202 1084 φῦσιν,

104 1104 139 1164 ἐν
171 1103 261 1188 οότῷ
291 1106 336 1188 τῷ
366 1104 610 1186 προσληφθῆνιιι
643 1104 813 1168 συστᾶσαν.
862 1102 926 1162 πᾶν
957 1093 1035 1180 ὅπερ
1066 1096 1151 1163 σ’στόν
1170 1095 1204 1162 όν

104 1201 147 1286 τῷ
172 1191 247 1285 θεῷ
266 1197 321 1262 καί
352 1200 386 1262 ἐκ
419 1201 475 1262 τοῦ
504 1201 599 1280 θεοῦ,
632 1203 774 1282 φνσιιιιός
803 1197 878 1272 θεός
909 1197 1007 1276 ἐστιν,
1037 1197 1115 1262 διότι
1146 1195 1204 1258 οόιι

68 1295 193 1364 10ἔστιν
212 1301 247 1362 ἐν
263 1299 307 1386 τῷ
331 1301 394 1382 θεῷ
415 1296 622 1381 συμβεβηκός.
680 1301 735 1362 κατ’
755 1295 808 1360 διό
830 1300 924 1362 τοῦτο
948 1295 1001 1362 τόν
1022 1295 1131 1381 νοητόν
1154 1293 1204 1360 λό-

104 1422 161 1480 γον
182 1400 239 1464 τοῦ
261 1401 340 1464 θεοῦ
373 1395 449 1461 θεόν
478 1395 671 1476 ὀνομάζομεν
708 1400 764 1461 zat
793 1391 993 1476 recursionis.
1045 1395 1101 1460 καί
1122 1395 1203 1459 όιότε

106 1490 203 1572 οὗτος
239 1495 255 1560 ό
286 1497 377 1579 λόγος
412 1500 468 1560 τοῦ
490 1500 569 1560 θεοῦ
602 1489 640 1578 ἦν
660 1494 694 1562 ὲν
720 1501 762 1583 τῷ
782 1501 934 1587 Χριστῷ,
955 1495 1007 1560 tui
1032 1499 1126 1560 τοῦτο
1149 1493 1205 1558 τόν

105 1594 253 1680 Χριστόν
272 1592 348 1659 θεόν
370 1596 425 1659 κατ’
438 1589 613 1677 ’ἄνθρωπον
635 1593 860 1679 ὁμολογοῦμεν,
881 1590 1050 1678 ἄνθρωπον
1071 1599 1130 1676 μὲν
1150 1591 1219 1656 διό

107 1695 167 1780 τήν
193 1695 303 1779 ψυχήν
333 1699 388 1760 κατ’
412 1693 446 1759 τό
469 1697 580 1779 σῶμα,
607 1693 679 1760 θεόν
713 1697 748 1760 δὲ
776 1695 830 1759 tat
861 1693 915 1760 τόν
946 1698 980 1760 ἐν
1004 1694 1093 1781 uitri
1114 1691 1206 1776 λόγον

70 1799 166 1859 15ιοῦ
189 1798 278 1859 θεοῦ.
824 1831 826 1838 ·

193 1891 237 1960 θ’.
282 1891 486 1976 Πιοτεόομεν
507 1890 555 1961 ότι
577 1895 592 1958 ό
614 1894 704 1978 λόγος
718 1898 775 1960 τοῦ
802 1896 880 1958 θεοῦ
900 1887 939 1979 ἦν
958 1895 992 1958 όν
1013 1897 1057 1980 τῷ
1076 1895 1208 1980 Χριστῷ

108 1995 166 2060 κατ’
189 1995 229 2062 ἐν’
244 1997 287 2081 τῷ
307 1994 412 2082 ιιόσμιρ
435 1999 489 2058 κατ’
511 1993 546 2059 ἐν
566 1998 611 2084 τῷ
634 1995 758 2082 οῦρανῷ
788 1999 844 2058 κατ’
866 1992 899 2058 όν
923 1997 965 2080 τῷ
986 1996 1053 2080 θεῷ
1070 1991 1126 2056 τότ’
1144 2017 1208 2055 ποι-

108 2096 173 2174 τρό,
194 2093 275 2158 διότι
297 2090 313 2155 ό
334 2094 432 2178 λόγος·
445 2098 501 2162 τοῦ
514 2099 593 2158 θεοῦ
606 2095 689 2160 ε’στόν
702 2089 843 2178 όιιειρος,
863 2090 967 2177 οἵσπερ
990 2091 1007 2155 ό
1028 2090 1103 2168 θεός
1124 2091 1226 2156 ἐστόν,

111 2189 261 2278 ἄπειρος,
297 2191 449 2274 όγεννοῦν
478 2193 574 2259 οῦτόν
604 2188 701 2278 ἤγουν
730 2199 825 2274 νοοῦν,
846 2193 900 2258 κατ’
920 2187 1052 2277 ἄπειρον
1073 2189 1209 2271 όόνοιμιν

71 2289 221 2374 wizam*
249 2290 331 2376 πλὴν
360 2296 394 2358 ἐν
423 2297 466 2381 τῷ
487 2298 552 2379 θεῷ
582 2291 662 2358 κοντοὶ
693 2289 786 2358 όλλον
817 2292 937 2376 πρόνοον
958 2285 1013 2378 ἤν,
1034 2292 1144 2356 τοῖόν
1164 2290 1209 2375 τῷ
1253 2297 1264 2308 “

112 2394 245 2478 Χριστοῦ
266 2391 346 2456 surii
369 2389 474 2476 ἄλλον,
495 2393 551 2458 nui
574 2395 607 2458 όν
628 2396 671 2480 τῷ
689 2389 797 2482 κόσμῳ
818 2395 899 2457 κατὰ
922 2385 1027 2470 ἄλλον.

116 2550 121 2557 .
199 2491 229 2554 ι’.
274 2492 476 2571 Πισεεόομεν
498 2488 557 2577 ότι,
579 2489 655 2557 όταν
683 2489 796 2566 όθεός
817 2491 946 2580 κοινωνῇ
966 2493 1021 2576 τῆς
1044 2484 1208 2573 α’γοιθότη·

183 2633 209 2686 4.
226 2635 340 2686 alterum
358 2634 440 2706 λόγος
459 2644 487 2688 et
504 2636 528 2688 5.
550 2637 662 2688 aiterum
684 2633 870 2706 όνθριοτιότης
889 2634 980 2688 addl'
1051 2633 1094 2686 18.
1114 2631 1209 2705 ῦσπερ

184 2703 468 2778 -όόπειροι]κιιὶΡ
561 2705 695 2761 tuse:
719 2708 802 2776 vulgo
821 2703 854 2766 ὃς
943 2704 1191 2785 ἦγοννόνοιῦνλ)

116 2848 215 2900 Christi
237 2851 386 2901 nutanima
411 2851 469 2902 eius
496 2868 623 2902 conversa
647 2851 674 2900 in
696 2851 787 2917 logum
815 2848 873 2899 dei:
907 2847 955 2899 sed
980 2857 1038 2898 erut
1065 2856 1092 2898 et
1121 2850 1209 2899 estin

117 2919 245 2984 Christo,
264 2930 327 2990 post
346 2922 419 2972 illum
439 2924 498 2972 eius
517 2939 618 2972 tumme
635 2919 816 2972 admirandam
829 2919 1071 2988 dispensationem,
1089 2927 1144 2969 tum
1163 2913 1214 2970 dei

117 2989 193 3058 iogus
215 2993 302 3058 lngus,
319 3000 375 3042 tum
393 2991 546 3044 humanitus
565 2992 726 3044 humanitas.
768 3002 819 3042 net
837 2992 918 3042 etiam
936 2990 1088 3040 humanitas
1109 2988 1209 3040 Christi

98 3061 287 3114 ·divinitntem
314 3065 473 3132 assumpsit,
493 3063 540 3116 sed
571 3062 697 3114 divinitas
717 3063 770 3130 logi
791 3061 835 3112 dei
854 3069 976 3113 naturam
990 3060 1139 3112 humanam
1161 3077 1208 3110 ne-

117 3137 250 3202 sumpsit,
279 3135 307 3183 in
327 3135 385 3202 ipsu
408 3134 561 3204 assumendi
580 3135 687 3185 actione
706 3141 927 3202 coagmentatum·
964 3132 1093 3204 quicquid
1109 3133 1137 3182 in
1155 3131 1208 3184 deo

117 3213 204 3255 estet
233 3221 266 3254 ex
295 3203 362 3266 deo,
388 3213 483 3256 natura
511 3204 576 3256 dens
603 3213 661 3268 est,
680 3207 743 3275 quia
763 3205 867 3256 nullum
889 3206 918 3254 in
941 3203 995 3256 deo
1016 3202 1139 3254 accidens
1160 3212 1208 3254 est.

116 3273 195 3336 ideo,
225 3277 273 3344 qui
292 3277 341 3326 sub
361 3277 568 3344 intelligentiam
593 3275 679 3340 cadit,
699 3275 867 3344 ‚logumdei
893 3275 973 3330 ιΙοιιιιι
994 3275 1162 3326 nominamus
1182 3281 1211 3326 et

116 3345 256 3397 credimus.
295 3339 402 3416 etquis
420 3346 465 3396 hic
482 3346 526 3397 dei
543 3348 619 3414 logus
636 3355 693 3398 erat
712 3347 740 3397 in
756 3347 875 3408 Christo,
894 3345 957 3396 ideo
975 3345 1109 3396 Christum
1130 3345 1209 3396 deum

117 3424 144 3466 et
161 3417 300 3467 hominem
318 3417 484 3478 confitemur,
503 3417 638 3468 homiuem
659 3417 768 3486 quidem
794 3418 906 3486 propter
922 3415 1037 3467 animam
1056 3423 1084 3468 et
1102 3433 1208 3486 corpus,

116 3485 195 3538 deum
228 3503 292 3538 vero
310 3497 421 3557 propter
442 3483 489 3538 ‘dei
517 3489 628 3556 logum,
648 3489 695 3558 qui
716 3489 744 3540 in
766 3489 825 3557 ipso
844 3494 893 3537 est.

293 3573 432 3627 Hactenus
452 3585 573 3627 octavum
592 3585 679 3646 caput.

186 3659 327 3712 Credimus
355 3664 444 3732 logum
473 3663 518 3714 dei
548 3663 631 3716 fuisse
661 3664 689 3714 in
707 3662 813 3714 Christo
842 3669 872 3728 et,
897 3662 926 3712 in
952 3659 1052 3712 mundo
1078 3667 1161 3729 atque
1181 3658 1210 3710 in

117 3734 191 3784 cneio
220 3741 248 3782 et
276 3735 304 3788 in
327 3733 492 3802 ‹len-putre,
512 3736 640 3804 quonium
672 3736 748 3802 logu's
777 3735 820 3786 dei
840 3741 881 3785 est
899 3731 1030 3794 infinitus,
1057 3733 1126 3781 sicut
1144 3728 1210 3779 deus

20 3861 21 3868 ¹
118 3805 193 3855 nulio
216 3803 269 3854 fine
289 3797 441 3868 cituditur,
472 3807 519 3875 qui
539 3815 648 3872 generat
666 3795 736 3869 eumi,
758 3806 786 3856 id
807 3813 848 3856 est
872 3803 1011 3870 intelligit,
1030 3812 1057 3854 et
1077 3801 1209 3851 infinitum

118 3875 270 3941 potentiam
290 3875 379 3927 habet.
424 3885 599 3928 veruntamen
618 3878 646 3928 in
672 3875 724 3927 ‹leo
744 3878 799 3927 alio
818 3875 898 3926 modo
921 3885 988 3936 erat,
1011 3882 1038 3924 et
1058 3875 1085 3922 in
1106 3871 1212 3922 Christo

119 3946 182 4010 aiio,
203 3946 323 4015 itemque
341 3949 367 3996 in
387 3947 488 3999 mundo
508 3949 574 3999 aiio.
904 3959 907 3964 '

294 4034 429 4088 Hactenus
447 4053 549 4086 nonum
569 4043 672 4102 caput*
755 4073 757 4076 .
935 4101 937 4106 Ι

207 4119 368 4200 Credimus,
401 4121 510 4192 quando
532 4121 597 4173 deus
617 4120 651 4172 de
671 4121 794 4173 bonitate
822 4137 868 4170 sua
889 4127 915 4170 et
936 4115 1019 4186 gratia
1040 4132 1099 4166 cunr
1119 4114 1213 4184 aliquo
