2946 4830
489 311 847 432 mamona·
1115 307 1259 440 sn

117 483 283 560 Αίτυλάιν
303 483 490 570 ἐξέπεμψεν,
518 475 661 567 άρχηηὸν
682 479 737 551 καί
750 469 898 564 ἡγεμόνα
917 473 1037 562 ταύτης
1058 476 1219 560 καταστή-

117 605 193 661 σας·
244 580 279 660 ὃς
311 584 452 648 ἐνταῦθα
486 580 652 665 γενόμενος
679 580 736 662 τὴν
768 580 825 644 τοῦ
859 577 1039 662 μακαρίτου
1063 573 1218 644 δεσπότου

116 682 261 759 Ἰοράννου
277 686 440 766 θυγατέρα
456 682 676 767 μνηστεύεται,
699 679 832 763 Θυμαίζν
850 681 1057 761 καλουμένην,
1077 670 1221 762 ὀρφανὴν

118 787 176 866 μὲν
198 781 319 866 πατρὸς
342 775 453 863 οὖσαν,
475 779 529 846 ἐπί
547 781 647 864 μητρί
669 783 704 846 δὲ
723 777 808 871 μόνη
832 779 889 852 τάς
912 778 1042 852 ἐλπίδας
1062 777 1222 842 σαλεάου-

92 896 179 950 οσον
200 881 255 946 καί
276 885 323 946 ἐπ’
344 885 473 971 α’δελφῷ
494 884 562 970 etp,
584 879 620 944 ἐν
642 881 684 955 aig
709 876 830 966 ὅμηρον
853 873 869 940 ὅ
891 876 1042 957 βασιλεὺς
1052 877 1222 958 Ῥωμαίων

119 981 257 1069 εἰληφώς
276 985 322 1060 είς
342 979 679 1052 Κωνσταντινοάπολιν
709 973 827 1063 ἤγαγε,
851 977 907 1042 καί
934 976 993 1062 τη“ν
1014 981 1071 1041 τοῦ
1096 982 1222 1044 Καντα.

118 1087 271 1169 τιουζηνοῦ
286 1087 450 1168 θυγατέρα
473 1082 731 1165 ἐπιγαμβρεάσας
751 1079 840 1166 adripi
872 1082 972 1144 ἐκεῖσε
992 1073 1074 1144 εἶναι
1095 1083 1223 1166 πεποίη-

118 1207 179 1254 τεν.
223 1178 241 1264 ἡ
265 1185 300 1248 δέ
320 1179 422 1266 μήτηρ
441 1179 561 1248 τούτων
578 1184 641 1246 τῶν
662 1183 793 1262 παίδων,
812 1181 866 1261 τῆς
887 1201 921 1242 τε
947 1179 1117 1262 Θαμοΐδος
1138 1182 1224 1266 φημί

119 1287 172 1348 καί
191 1286 248 1354 τοῦ
263 1283 358 1364 αὐτῆς
375 1283 529 1367 άδελφοῦ,
550 1281 641 1364 ἡμῶν
662 1283 696 1346 δὲ
711 1279 849 1362 βασιλίς,
861 1272 972 1359 Ἅννα,
991 1281 1223 1364 ἐπιγαμβρεάε-

79 1387 170 1456 litat
191 1381 291 1469 ἑαυτῇ
313 1375 452 1466 άρχοντά
477 1407 550 1447 τινα
571 1384 605 1445 ἐκ
625 1382 689 1446 τοῖν
710 1380 928 1464 Βοολγάροιν,
951 1380 1104 1464 δεσπότην
1126 1384 1223 1462 Κομ-

120 1483 212 1568 νηνὸν
231 1481 435 1562 καλούμενον,
460 1480 602 1566 α’δελςοόν
625 1474 772 1546 irrorari
793 1484 950 1562 βασιλέως
974 1479 1147 1566 Στεφάνου,
1171 1481 1226 1552 καί

120 1575 185 1649 άνω
208 1585 261 1647 ἐπί
294 1579 334 1644 τά
358 1583 485 1646 Κάνινα
508 1580 564 1646 καί
583 1578 620 1646 τά
642 1575 851 1664 Βελλάγραδα
872 1590 990 1666 χωρεῖ,
1011 1581 1067 1646 τόν
1088 1581 1223 1662 Συμεών

119 1680 215 1762 μόνον
234 1678 315 1763 μετά
335 1685 390 1763 τῆς
409 1683 598 1765 βασιλίσσης
621 1683 791 1761 Θαμαΐδος
819 1684 875 1764 τῆς
904 1685 988 1756 ι’δίας
1010 1672 1147 1764 γαμετῆςι
1167 1708 1224 1746 aro.

120 1785 300 1848 ταλεποάσα
334 1784 367 1845 ἐν
388 1774 450 1868 disp
482 1784 524 1868 τῷ
549 1779 726 1866 δεσποτάτῳ
748 1774 817 1863 ἦτοι
839 1781 879 1868 τῇ
899 1782 1044 1870 Αίτωλίρ
1062 1778 1159 1868 πάσῃ,
1181 1781 1233 1864 ὥς

78 1877 226 1969 λδνλὴριρ
244 1874 306 1945 ἐντι
331 1884 365 1946 ε’τι
386 1877 544 1966 προγόνων
565 1882 665 1963 ον’τῆς
684 1884 738 1944 καί
758 1884 816 1944 τοῦ
834 1877 953 1964 ταύτης
972 1882 1191 1966 ου’ταδὲλφον.

220 1981 314 2048 Marci
349 1983 384 2046 δέ
405 2004 477 2044 τινα
499 1982 619 2066 χρόνον
649 1978 861 2066 παραδρομὴν
890 1983 924 2044 ἐκ
951 1982 1057 2044 ποδοῖν
1088 1979 1104 2043 δ
1127 1986 1225 2062 βασι·

119 2079 194 2156 λεύς
217 2083 377 2166 Στέφανος
405 2080 539 2164 γεγονώς
571 2081 627 2145 καί
656 2079 735 2165 πρὸς
767 2079 804 2144 τά
835 2084 990 2161 μέλλοντα
1022 2081 1225 2164 άπάραςδι-

121 2280 138 2342 ὁ
170 2280 226 2364 τὴν
253 2283 307 2364 τῆς
336 2284 481 2364 Βλαχίας
508 2280 646 2368 εἰληφώς
669 2283 773 2368 α’ρχην
803 2287 932 2368 Καίσαρ
963 2283 978 2346 δ
1010 2287 1226 2366 Πρέλουμπος

72 2381 178 2446 20καί
199 2377 296 2456 αὐτὸς
320 2379 478 2460 ἐξάνοτθεν
501 2384 688 2465 γενόμενος,
709 2387 862 2469 ἐπιδημεῖ
878 2386 917 2470 τῇ
941 2386 974 2448 ἐν
991 2383 1117 2448 Ἑλλάδι
1138 2390 1224 2450 Βλα-

117 2485 177 2569 χίηι
198 2483 232 2546 ἐκ
254 2484 310 2565 τῆς
333 2486 494 2563 βασιλίδος
524 2487 588 2550 ταῖν
609 2483 730 2550 πόλεων
760 2483 776 2548 ὃ
800 2487 859 2568 τῆς
889 2487 1041 2567 ευ’σεβοδς
1061 2489 1224 2567 βασιλίδος

117 2583 321 2666 αδτάδελφος
344 2583 528 2666 Νικηφόρος
560 2581 767 2668 ὁδεσπὸτης,
803 2585 859 2648 καί
880 2583 999 2667 ταύτην
1029 2586 1083 2670 ὑφ’
1106 2580 1224 2650 ἑαυτὸν

118 2679 346 2766 ποιησάμενος,
377 2681 457 2765 πρὸς
480 2683 515 2748 δέ
538 2687 592 2749 καί
622 2685 681 2768 την
699 2682 809 2771 πρώην
838 2682 942 2771 άρχην
963 2679 1032 2770 ἦτοι
1054 2683 1089 2750 τὸ
1111 2685 1223 2748 δεσπο.

118 2774 217 2848 τάτον
239 2782 401 2870 εἰληφώς,
430 2783 481 2848 τὸν
512 2787 548 2850 δέ
578 2783 661 2850 ἴδιον
690 2784 853 2870 γαμβρόν,
883 2786 939 2850 τόν
966 2788 1122 2870 δεσπότην
1143 2789 1224 2869 λέγω

121 3075 190 3132 erat,
209 3084 267 3120 cum
288 3075 429 3135 tyrannum
450 3077 575 3132 creasset,
596 3071 625 3122 in
644 3071 776 3126 Aetoliam
795 3068 876 3135 misit,
896 3069 978 3124 huius
996 3071 1150 3141 provinciae
1168 3068 1223 3124 du·

120 3157 180 3192 cem
204 3148 232 3190 et
259 3141 449 3208 imperatorem
478 3159 539 3193 eum
565 3145 751 3208 constituens,
776 3144 823 3212 qui
851 3160 910 3194 cum
936 3143 976 3194 ibi
999 3152 1087 3207 esset,
1114 3143 1223 3196 ioannir

120 3211 231 3278 tyranni
250 3210 325 3262 beati
347 3213 429 3262 filiam
456 3213 483 3262 in
510 3213 711 3266 matrimonium
732 3215 817 3276 duxit,
846 3213 1004 3278 thomam,
1030 3215 1122 3267 orbam
1147 3224 1224 3285 patra

120 3291 150 3334 et
172 3283 203 3332 in
221 3289 306 3334 matre
324 3284 382 3334 raia
402 3299 475 3351 spem
496 3293 664 3347 moventem,
684 3293 713 3336 et
732 3286 760 3336 in
781 3286 861 3338 fratre
882 3287 1005 3348 iuvenili,
1024 3303 1104 3356 quem
1124 3287 1152 3336 in
1172 3285 1224 3338 ob·
1270 3297 1274 3307 “

120 3353 213 3404 siclum
231 3369 344 3406 numero
366 3362 506 3423 acceptam
519 3355 682 3408 Graecorum
703 3373 749 3406 rex
769 3357 1034 3424 Constantinopolim
1055 3358 1179 3421 duxerat,
1198 3366 1226 3413 et
1336 3359 1339 3374 ⁴

120 3425 305 3476 Cantacuaeni
326 3424 381 3476 iiiia
400 3427 427 3478 in
440 3427 646 3485 'matrimonium
666 3427 727 3478 data
744 3425 785 3476 ihi
812 3436 1021 3478 commorantem
1042 3428 1149 3478 iecerat·
1166 3447 1225 3482 nra·

120 3505 165 3547 ter
185 3512 248 3549 vero
268 3494 363 3546 horum
383 3496 540 3559 liberorum,
560 3497 717 3548 Thomiidis
743 3497 803 3548 dico
822 3497 935 3566 eiusque
967 3498 1063 3560 fratris,
1086 3501 1161 3550 dana
1182 3517 1224 3550 re-

118 3567 185 3634 gina
204 3574 296 3618 nostra
323 3566 384 3618 daci
415 3567 521 3619 cuidam
541 3585 574 3620 ex
594 3569 728 3636 inrigans,
748 3568 885 3620 Comneno
906 3577 1040 3634 tyranno,
1062 3569 1137 3620 tratri
1159 3572 1227 3638 regis

119 3637 267 3706 Stephani,
288 3639 400 3706 nupsit,
421 3649 448 3690 et
467 3639 593 3690 Caninam
622 3648 650 3690 et
676 3638 833 3706 Belgradam
862 3641 986 3702 recessit,
1014 3641 1147 3707 Symeone
1167 3643 1225 3692 solo

118 3725 183 3763 cum
205 3707 357 3760 Thom'a'ide
387 3711 493 3778 regina,
522 3711 580 3762 eius
599 3728 701 3776 uxore,
728 3712 823 3764 reiicto
851 3719 909 3762 tota
930 3711 1082 3778 tyrannide,
1099 3713 1226 3764 nimirum

119 3787 183 3833 tota
201 3781 327 3843 Aetolia,
346 3797 416 3850 quae
439 3789 543 3850 patrum
563 3784 692 3833 memoria
712 3798 769 3833 sors
789 3783 847 3833 eius
868 3783 921 3832 suit
946 3792 973 3834 ct
991 3782 1089 3834 fratris.

223 3851 285 3902 Post
304 3854 432 3920 temperis
451 3859 542 3904 autem
563 3853 691 3920 spatium*
712 3870 773 3906 cum
801 3871 847 3904 τοι
871 3853 1024 3922 Stephanus
1043 3855 1123 3906 morti
1144 3869 1227 3905 occu-

116 3920 228 3974 buisset
246 3930 273 3974 et
291 3922 324 3972 ad
344 3924 463 3974 saturam
485 3923 614 3976 iudicium
628 3925 749 3986 abiisset,
768 3933 906 3993 praeterea
920 3928 1000 3976 etiam
1018 3934 1140 3995 satrapae
1160 3925 1227 3988 eius,

18 4003 24 4014 ‘
118 4001 208 4062 atque
225 3991 294 4044 adeo
312 3994 359 4062 qui
380 3994 526 4046 Vaiachiaa
546 3995 688 4064 imperium
710 4005 873 4065 acceperat,
892 3996 990 4048 Caesar
1009 3997 1177 4066 Preiumpus,
1200 4005 1227 4050 et

117 4063 180 4132 ipie
199 4065 325 4132 superior
344 4066 440 4128 factus,
460 4065 611 4134 ingreditur
638 4068 667 4118 in
693 4066 851 4118 valachiam
880 4069 1007 4120 Graecam
1037 4070 1161 4137 eregina
1181 4086 1227 4120 ur·
1251 4128 1255 4134 Ι

118 4133 198 4190 biom
210 4135 378 4206 Nicephorus
398 4137 533 4202 dominus,
552 4147 629 4208 pater
648 4139 756 4206 reginae
773 4140 843 4208 piae,
864 4147 892 4193 et
911 4157 970 4191 cum
984 4157 1041 4190 eam
1061 4141 1113 4192 sibi
1133 4139 1226 4192 subie-

119 4206 214 4271 cisset,
235 4215 374 4280 praeterea
394 4210 475 4264 etiam
496 4210 639 4284 imperium
657 4211 742 4284 prius,
763 4210 934 4282 tyrannidem
953 4211 1089 4280 nimirum,
1109 4213 1227 4290 recepir-
1334 4215 1342 4230 ⁰
