2954 4816
451 274 831 342 *narnrrncmca
1000 278 1002 282 ·
1151 263 1260 342 tlss

117 426 174 490 καί
195 425 258 488 τεόν
275 427 457 489 ἐπιλοίπων.
498 418 596 508 siric
615 432 825 507 παρανομίας,
847 425 875 491 οἱ
898 429 954 510 τῆς
973 431 1137 506 κολακείας
1158 435 1223 494 τεόν
1303 437 1306 442 ’

117 526 274 588 έλεεινεόν.
316 522 489 604 έχνηοιος
509 524 738 615 μητροπολίτης
761 528 1011 604 Μονεμβαοίας,
1037 525 1055 589 o‘
1082 529 1222 608 νομίμως

116 625 356 705 χειροτονηθείς
377 619 464 703 παρὰ
488 625 542 703 τῆς
564 621 741 704 όχναιτοὶτης
768 627 826 686 τοῦ
847 628 992 704 Χριστοῦ
1011 622 1151 708 μεγάλης
1171 629 1222 690 έν-

120 725 263 802 ιιληοίας,
284 717 464 800 εῦρίοιιετον
487 716 596 801 ῦγιης·
641 721 696 784 aar*
708 719 761 784 διοὶ
783 722 820 785 νοὶ
846 721 1043 806 α’φενόεόοον
1062 728 1082 764 ”
1102 723 1132 788 οἱ
1154 729 1221 787 Βε-
1265 733 1272 750 ’

92 821 237 882 5νέτικοι
259 819 315 881 τόν
336 817 456 897 θρόνον
475 818 589 896 αότοῦ,
612 819 792 898 α’πεόιίοξαν
818 820 916 884 οῦτόν
942 821 997 886 καί
1017 821 1092 895 τοῦς
1112 846 1220 904 προτι-

118 922 234 996 τέρους
255 920 309 979 u'u'
341 913 447 978 αῦτόν.
488 921 542 980 καί
563 916 660 1004 αῦτός
679 915 734 1000 ’μὴ
757 916 840 998 ἔχων
872 924 936 981 ποῦ
964 919 1002 983 νιὶ
1025 924 1157 1008 καθίσῃ,
1180 921 1219 985 νιὶ

118 1013 207 1099 κόμη
229 1015 351 1098 θρόνοι,
374 1015 491 1096 ὑπῆγεν
509 1017 554 1088 είς
568 1017 646 1094 μιάν
668 1014 839 1097 ἐπισκοπὴν
859 1017 969 1097 αὐτοῦ,
994 1018 1012 1102 ἡ
1033 1018 1127 1086 ὁποῖα
1147 1015 1221 1101 η’τον

119 1110 140 1192 ἡ
163 1112 337 1196 Κορεόνης,
359 1117 413 1175 καί
434 1113 502 1175 ἐκεῖ
518 1111 614 1192 ἔκαμε
636 1111 768 1196 θρόνον,
793 1112 842 1178 ὅτι
863 1113 934 1179 τότε
957 1118 1078 1201 ηαῦτη
1101 1117 1219 1199 Κοριό-

119 1233 176 1292 νης
197 1204 265 1290 εἶχε
290 1215 410 1297 πλῆθος
430 1216 520 1291 λαοῦ,
542 1206 699 1293 ἄρχοντας
718 1211 875 1294 μεγάλους
896 1213 951 1278 καί
972 1209 1088 1290 ἄλλους
1105 1221 1218 1300 χρησί-

75 1311 111 1364 1o
119 1329 204 1384 μους
223 1302 344 1390 ἄνδρας
365 1307 420 1370 καί
438 1313 557 1390 πλῆθος
578 1308 656 1372 πολῦ
676 1309 734 1372 τοῦ
747 1313 836 1373 λαοῦ.
877 1315 933 1376 καί
955 1309 1089 1388 αῦτὸςῦ
1115 1340 1218 1396 παρα-

120 1403 306 1487 νομοότατος
326 1409 507 1486 Ἆροένιος,
537 1408 650 1484 ζιόντος
678 1410 777 1476 αῦτοῦ
803 1411 860 1472 τοῦ
878 1415 1008 1492 γνησίου
1032 1413 1217 1498 α’ρχιερέιος,

118 1504 215 1585 ἔλαβε
235 1504 288 1567 τόν
308 1502 424 1586 θρόνον
456 1505 560 1568 αὐτοῦ
579 1502 658 1584 μετιὶ
689 1502 855 1584 δυνάμεως
883 1511 945 1571 τῶν
969 1515 1134 1593 Λατίνιον,
1163 1515 1219 1576 καί

118 1605 270 1684 έμοίχενε
291 1601 348 1683 την
370 1603 534 1684 έκιληοίαν
554 1603 700 1686 Χριστοῦ
727 1606 784 1666 τοῦ
804 1609 893 1668 θεοῦ.

203 1699 299 1764 'Allo
322 1699 406 1762 ἴδετε
437 1701 492 1762 ναί
511 1703 544 1762 τί
560 1705 760 1782 χειροτονίαν
792 1699 895 1782 ἔλαβε.
937 1700 1141 1778 ῦὲπίοιιοσος
1162 1708 1217 1770 καί
1226 1708 1280 1764 148

73 1798 149 1866 15οἱ
174 1799 269 1883 ἱερεῖς
297 1797 418 1877 ε”ιιαμαν
436 1796 529 1861 αὐτὸν
550 1801 788 1883 μητροπολίτην.
844 1800 956 1883 φρίξεν
977 1799 1055 1885 ἥλιε,
1075 1807 1130 1866 καί
1146 1806 1215 1867 στέ-

118 1903 214 1976 ναξον
237 1893 254 1979 ἦ
277 1900 334 1979 γῆ,
363 1901 408 1970 είς
437 1897 495 1979 την
516 1897 665 1982 τοίαῦτην
686 1901 897 1980 παρανομίαν.
950 1898 1216 1986 όμητροπολίτης

117 1996 224 2079 ποίμνη
255 1998 423 2060 taronem
450 1995 505 2058 ιιαί
534 1995 631 2078 ἱερεῖς
659 1998 739 2059 κατὰ
768 1997 803 2060 τὸ
825 1999 1048 2080 α’ρχιερατιιιέν
1079 1999 1214 2081 ἀξίωμα,

118 2096 163 2170 τός
185 2093 423 2174 ῦιαλαμβοὶνονν
444 2091 472 2157 οἱ
493 2099 576 2158 θεῖοι
600 2093 747 2168 κανόνες·
1016 2119 1091 2172 οπος
1111 2095 1216 2162 καίοὶ
1262 2119 1265 2124 “

117 2192 218 2275 ἱερεῖς
239 2180 291 2256 cler
322 2195 461 2269 ιιοίμνονν
491 2197 730 2275 μητροπολίτην.
783 2198 849 2268 ποῦς
868 2193 906 2258 νιὶ
926 2199 1007 2276 γένει
1027 2193 1043 2258 ό
1064 2195 1134 2271 οἱός
1154 2223 1215 2260 σα·

70 2296 213 2373 νθτέρας
236 2284 256 2373 ἢ
276 2290 445 2370 ὁποτέρας
459 2289 548 2369 οἱός,Ι
571 2297 663 2356 τοῦτο
675 2290 741 2356 έναι
759 2292 918 2356 α’όόνατον
933 2297 987 2358 καί
1007 2295 1214 2376 ἀσεβέστατον

119 2393 178 2454 καί
194 2389 474 2469 παρανομώτατον.
499 2389 564 2472 α’μη
580 2389 748 2473 ὁποτέρας
762 2393 866 2476 κῦμνη
879 2395 974 2472 χρεία
990 2394 1027 2456 νοὶ
1041 2391 1108 2474 ἔχει
1121 2387 1216 2474 τιμην

119 2489 165 2563 οῦς
190 2491 329 2572 πατέρας
349 2487 405 2550 καί
424 2487 545 2573 ιεφολη
566 2493 625 2552 τοῦ
644 2487 718 2554 υἱοῦ
729 2513 737 2532 ·
781 2490 798 2552 ό
823 2493 859 2554 δὲ
880 2490 1010 2565 υἱός-νεὶ
1034 2488 1102 2572 ἔχει
1123 2489 1217 2574 τιμήν

120 2741 351 2793 miserandorum!
373 2759 451 2794 verus
471 2739 673 2794 hlonembasiae
697 2744 890 2811 metropolita,
911 2743 958 2812 qui
977 2742 1098 2810 legitime
1117 2759 1132 2793 a
1152 2760 1215 2795 san·

121 2814 242 2864 ctissima
253 2811 351 2864 Christi
370 2813 481 2863 ecclesia
503 2829 598 2879 magna
615 2812 756 2862 ordinatus
776 2820 842 2872 erat,
861 2813 936 2862 vivos
955 2814 1102 2880 valensque
1121 2831 1216 2882 super-

122 2891 192 2934 erat.
243 2881 322 2932 huius
342 2881 467 2932 thronum
484 2892 519 2934 -ut
540 2885 565 2932 in
586 2890 721 2949 potestate
738 2897 787 2932 sna
807 2882 906 2932 Veneti
925 2881 1065 2942 haherent,
1085 2882 1164 2934 etde
1184 2901 1233 2950 eo,

121 2952 200 3022 quod
218 2951 316 3002 liberet
334 2953 463 3014 lacerent,
481 2953 645 3020 expulerunt
662 2960 719 3001 tum
738 2953 825 3019 ipsum
844 2960 899 3001 turn
919 2961 1101 3002 antecessores
1121 2953 1215 3019 ipsius.

121 3025 145 3074 is
167 3027 230 3088 ergo
248 3023 303 3072 nen
321 3021 423 3072 habens
444 3022 490 3072 uhi
506 3022 645 3084 resideret,
665 3021 711 3071 ubi
732 3021 859 3072 thronum
878 3023 1063 3084 constitueret,
1081 3022 1110 3072 in
1129 3039 1217 3090 quen·
1244 3046 1249 3055 s

122 3092 185 3142 dam
204 3108 312 3142 suorum
341 3093 545 3158 episcopatuum
568 3109 596 3142 se
615 3093 747 3152 contulit,
767 3095 813 3160 qui
834 3099 891 3141 erat
913 3093 940 3141 in
960 3093 1067 3142 civitate
1087 3093 1217 3142 Coronae.

120 3163 161 3214 ihi
184 3162 277 3228 posuit
294 3161 344 3210 sibi
373 3161 515 3223 thronum,
545 3162 618 3230 quod
637 3170 701 3212 tunc
723 3178 754 3211 ea
783 3162 876 3212 civitas
896 3159 1024 3212 affluebat
1042 3162 1217 3213 multitudine
1282 3203 1285 3212 .

121 3231 238 3302 populi,
268 3231 406 3280 nobilibus
436 3241 464 3282 et
483 3231 640 3300 potentibus
663 3233 779 3299 aliisque
806 3232 1006 3300 praestantibus
1028 3233 1101 3292 viris,
1123 3249 1218 3299 magua

121 3303 245 3370 denique
263 3303 359 3351 cisium
379 3299 541 3369 frequentia.
588 3301 646 3368 ipse
663 3319 726 3352 vero
750 3303 895 3360 Arrenius,
916 3303 1109 3352 iniustissimos
1129 3303 1219 3364 homo,

121 3375 232 3422 vivente
258 3368 343 3437 ipsius
369 3387 494 3436 germano
514 3372 644 3438 pontifice
665 3373 807 3438 occupavit
830 3368 919 3419 sedern
939 3371 1014 3430 eius,
1033 3388 1085 3436 ope
1105 3371 1218 3420 Latino-

121 3459 182 3495 rum
202 3442 297 3500 fretus,
316 3441 510 3508 ecclesiamque
532 3440 640 3500 Christi,
662 3440 704 3490 dei
727 3440 829 3499 nostri,
848 3438 983 3488 adulterio
1003 3440 1167 3506 inquinavit.

197 3527 251 3579 Sed
271 3529 501 3594 operaepretium
534 3535 575 3576 est
598 3527 751 3576 examinare
779 3526 862 3593 ipsius
880 3523 1076 3574 ordinationem
1103 3540 1149 3573 seu
1169 3524 1220 3574 de·

121 3599 311 3658 clarutionem‚
334 3599 421 3664 qualis
441 3599 570 3646 extiterit.
607 3600 748 3664 episcopus
768 3603 796 3645 et
817 3593 970 3644 sacerdotes
989 3595 1074 3662 ipsum
1096 3591 1221 3644 crearunt

122 3668 337 3734 metropolitam.
374 3665 497 3716 horresce
518 3668 566 3726 sol,
582 3667 726 3732 ingemisce
746 3674 826 3727 terra,
847 3663 881 3714 ad
899 3665 978 3714 istam
997 3665 1087 3730 legum
1109 3665 1220 3715 concul-

120 3740 268 3788 cationem.
305 3737 479 3804 metropolita
513 3737 576 3786 facit
603 3737 758 3802 episcopum
786 3745 814 3784 et
835 3734 986 3784 sacerdotes
1012 3751 1061 3801 pro
1081 3733 1219 3802 pontificia

121 3808 257 3874 dignitate
278 3814 305 3856 et
322 3807 488 3874 praescripto
507 3822 639 3854 sacrorum
661 3821 804 3866 canonum,
826 3821 882 3854 uon
901 3805 962 3854 vice
979 3821 1055 3854 versa
1075 3805 1218 3870 episcopus

121 3888 152 3928 et
172 3876 328 3927 sacerdotes
357 3876 565 3943 metropolitam.
612 3891 682 3942 quae
713 3883 751 3923 est
779 3875 829 3924 ista
858 3876 1034 3941 perversitas,
1053 3881 1083 3922 ut
1101 3872 1172 3920 filius
1190 3873 1219 3922 in

120 3957 227 4016 patrem
251 3954 371 3996 transeat
399 3955 446 3994 aut
466 3955 541 4012 pater
569 3946 597 3993 in
616 3943 719 3992 titium?
756 3943 814 3992 fieri
833 3943 884 3992 hoc
904 3960 959 3993 nou
979 3948 1086 4010 potest,
1107 3939 1219 4006 impium

121 4026 183 4078 est,
212 4017 350 4082 alegihus
378 4013 513 4064 abhorret.
563 4013 609 4062 sed
630 4012 775 4063 necessitas
802 4012 905 4079 flagitat
935 4022 963 4063 ut
982 4019 1060 4080 pater
1087 4008 1219 4060 honorem
1304 4037 1313 4052 .

120 4087 226 4138 habeat
243 4086 328 4154 patris
347 4093 374 4136 et
394 4087 429 4136 sit
449 4093 531 4152 caput
545 4084 604 4145 filii,
631 4083 702 4132 filius
720 4083 835 4133 vicissim
854 4083 957 4133 honore
975 4082 1078 4130 fruatur
1096 4080 1143 4148 qui
1163 4080 1219 4130 [ilio
