2922 4824
218 289 326 372 sao
467 305 473 316 ’
622 237 658 340 s
722 293 917 362 maioma

275 450 310 516 is
329 446 577 531 τῶνγεγοιδτοον
591 447 781 528 Ἀγαρηνιδν,
802 445 858 508 καί
877 439 939 506 cirri
961 441 1022 506 τοδι
1043 436 1143 524 ε’κτός,
1165 437 1307 536 ἐχθροδς
1328 441 1366 504 δὲ

170 543 173 550 ’
274 551 393 631 μόνους
421 547 496 620 τούς
522 545 711 630 κληρικοάς,
743 537 794 607 ὅτι
823 536 963 626 ἥκουσαν
985 535 1028 614 uic
1049 535 1204 621 άπέοχετο
1227 541 1366 622 δοθῆναι

274 653 319 736 τῷ
338 653 469 729 βασιλεῖ
496 646 621 730 φλοοριά
641 646 729 724 χιλια
751 639 849 724 χάριν
876 644 932 706 τοῦ
953 643 1218 721 πατριαρχεῦοαι.
1262 634 1366 712 οὕτως

275 740 331 811 osia
363 749 397 810 iu
424 742 586 829 οκανδάλρι
623 733 719 806 ὄντων
740 745 946 824 συνήχθησαν
975 738 1003 802 oi
1027 735 1287 819 Τραπεζούντιοι,
1310 737 1366 800 καί

273 847 462 922 σονάξαντες
474 844 599 927 φλισρία
616 845 707 924 χιλια
726 838 873 920 ἔπεμψαν
887 842 930 927 τῷ
949 843 1083 922 βασιλεῖ,
1100 832 1289 916 ἀξιώσαντες
1311 837 1391 906 ἴναῡ

233 966 239 975 ’
273 942 388 1030 ποιήσῃ
411 939 448 1006 tv
465 940 634 1022 βούλονται
656 939 863 1022 πατριάρχην.
920 934 1027 1018 λαβάν
1048 939 1082 1000 δὲ
1104 941 1205 1000 ταῦτα
1228 935 1246 998 ά
1265 943 1365 1018 βασι-

272 1039 355 1122 istic,
377 1046 431 1106 καί
447 1036 617 1123 καταγνοάς
639 1037 699 1122 τήν
717 1040 876 1120 α’γνιοσιάν
907 1036 1021 1117 αὐτῶν,
1043 1030 1110 1100 εἶπε
1133 1032 1306 1118 ίίποιήσατε
1327 1033 1365 1098 ὃν

271 1145 380 1206 θέλετε
400 1139 607 1225 πατριάρχρν,
628 1140 698 1204 ἐπεὶ
714 1141 770 1201 καί
788 1136 963 1201 σκάνδαλον
986 1134 1075 1219 ἔχετε
1095 1133 1176 1216 μετά
1199 1141 1256 1200 τοῦ
1275 1141 1365 1201 νῦν.”

271 1240 453 1323 ἐκβαλόντες
484 1232 540 1304 οὖν
570 1239 624 1304 τὸν
655 1238 765 1320 κύριον
794 1237 932 1318 Μάρκον
959 1242 1134 1323 λῃστρικῶς
1167 1231 1364 1318 άνεβίβασαν

270 1339 327 1406 τὸν
350 1343 503 1429 Σομεοῖνα
527 1337 582 1403 τὸν
599 1333 858 1418 Τραπεζοάντιον.
903 1335 918 1399 δ
942 1338 977 1400 δὲ
1004 1335 1145 1416 Μάρκος,
1164 1333 1210 1419 μὴ
1227 1334 1314 1418 ἔχων
1332 1361 1360 1400 τι
1373 1351 1408 1403 tt

270 1442 326 1504 καί
346 1441 475 1522 ποιῆσαι
502 1429 574 1502 οὔτε
607 1436 693 1518 παρά
714 1458 797 1512 τινος
819 1430 1044 1520 βοηθοάμενος,
1071 1432 1209 1518 ἐκάθητο
1223 1425 1363 1512 'toritas

270 1544 327 1604 arni
346 1542 506 1618 περιέμενε
540 1535 688 1618 σάνοδον,
716 1537 795 1600 ἰδεῖν
814 1533 871 1616 τὴν
893 1528 1016 1599 άδικίαν
1037 1535 1145 1613 uiros»,
1165 1535 1221 1597 καί
1238 1530 1361 1618 ἔγραφε

269 1637 326 1703 καί
345 1635 423 1719 πρὸς
444 1639 519 1712 τούς
540 1638 709 1720 α’ρχιορεῖς.
752 1629 828 1699 ὅθεν
853 1636 886 1698 ἐν
908 1635 964 1697 οοίι
984 1636 1077 1721 δλίγρ
1100 1635 1201 1720 καιρῷ
1220 1636 1360 1715 συνῆλθε

270 1734 400 1811 οοίοδος
417 1739 547 1820 μεγίστη
568 1733 712 1813 ἐξετάσαι
735 1738 818 1808 τίνος
837 1729 935 1817 χάριν
954 1733 1094 1818 ίξάσθρ·
1135 1734 1218 1812 βοοῖν
1236 1731 1298 1814 γάρ
1321 1725 1361 1816 ἢν

269 1833 313 1912 ὥς
336 1835 487 1920 ἠδίκησαν
515 1835 622 1899 αδτδν.
666 1836 700 1899 ἐν
730 1827 787 1898 οὖν
815 1842 879 1908 τοῖς
904 1833 1107 1916 ἀρχιερεῦσιν
1137 1827 1153 1896 ὅ
1179 1835 1357 1896 Φιλιππου·
1372 1845 1407 1896 15

268 1935 386 2008 πόλεως
404 1934 573 2009 Διονύσιος
593 1933 722 2019 εὑρέθη,
744 1931 827 2015 ἔχων
849 1934 960 2017 φιλίαν
984 1931 1064 2011 μετά
1090 1933 1202 2013 κυρίας
1224 1932 1361 2012 Μαρίοις

267 2039 324 2120 τῆς
344 2036 499 2118 μητρυιᾶς
521 2033 691 2099 adsidamu-
713 2033 769 2098 καί
779 2035 931 2112 μαθοῦσα
952 2027 1034 2114 αὕτη
1058 2027 1098 2094 τοὶ
1114 2031 1276 2094 σκάνδαλα
1297 2032 1361 2092 τῶν

268 2132 328 2198 δάο
346 2137 560 2215 πατριαρχιδκ,
593 2136 647 2198 καί
666 2129 715 2197 ὅτι
737 2131 765 2197 οἱ
785 2136 839 2214 τῆς
856 2130 976 2207 πόλεως
999 2134 1135 2212 ἐγένοντο
1158 2127 1303 2210 πρασιαί,
1327 2125 1360 2192 οἱ

266 2235 326 2317 μὲν
348 2230 402 2298 τόκ
421 2235 477 2298 ἕνα
498 2230 527 2297 oi
545 2236 580 2298 δδ
597 2231 653 2296 siu
673 2231 778 2314 ἕτερον
798 2235 974 2316 ζητοῦντες,
994 2233 1176 2313 ἐμβαλοῦσα
1198 2231 1242 2303 είς
1263 2230 1357 2291 πινά-
1457 2295 1458 2304 ¹

267 2357 333 2398 κιον
351 2331 512 2416 α’ργοροῦν
528 2331 677 2414 χιλιάδας
698 2333 757 2394 dv'o
777 2331 938 2413 χροσίνων
949 2331 1108 2414 ἐπορεύθη
1127 2327 1207 2410 πρὸς
1227 2328 1282 2394 τὸν
1294 2332 1360 2392 αδ·-
1369 2346 1408 2400 20
1457 2347 1458 2373 ³

266 2419 403 2517 dinan„
430 2433 533 2496 ταῦτα
563 2433 598 2496 δὲ
628 2429 748 2505 ἰδόντος
771 2431 892 2511 Χσε’τοῦ,
914 2428 994 2517 ἔφη·
1037 2435 1091 2494 “τι’
1111 2433 1223 2512 ταῦτα,
1245 2419 1273 2490 ον’
1293 2433 1359 2514 μῆ-

337 2608 378 2660 18.
396 2613 517 2680 φατρίαι
532 2609 554 2659 Α

266 2761 336 2809 rens,
354 2754 409 2816 tum
430 2752 638 2814 purpuratorum
656 2746 720 2814 regii
744 2746 838 2816 palatii
869 2754 897 2798 et
914 2745 1074 2814 Agarenicae
1094 2745 1192 2813 stirpis,
1211 2753 1265 2796 tum
1285 2745 1358 2796 aiio-

266 2833 323 2867 rum
345 2825 419 2867 extra
440 2817 598 2867 viventium.
635 2819 706 2868 solos
726 2817 845 2869 habebat
864 2817 1030 2869 adversarios
1050 2815 1171 2866 homines
1190 2816 1357 2868 ecclesiasti-

261 2903 317 2960 ¹cos,
337 2887 410 2957 quod
431 2887 570 2938 audissent
589 2905 648 2938 eum
676 2888 870 2958 patriarchatus
897 2887 1083 2957 consequendi
1111 2903 1190 2936 causa
1211 2887 1285 2936 milis
1306 2903 1358 2936 aa·

264 2975 323 3009 reos
343 2959 493 3026 pollicitum
527 2975 584 3008 esse
612 2959 673 3026 regi.
711 2977 769 3009 cum
789 2959 942 3010 huiusmodi
967 2960 1101 3009 intereos
1121 2953 1254 3007 dissensio
1273 2966 1355 3019 esset,
1456 2979 1457 2982 ¹

264 3037 435 3080 conventum·
453 3036 565 3096 egerunt
592 3029 783 3097 Trapezuntii,
811 3030 994 3099 collectosque
1016 3029 1089 3078 mili-e
1110 3043 1204 3078 aureos
1222 3028 1356 3080 miseruut

264 3101 329 3166 regi,
347 3106 470 3164 rogantes
490 3106 520 3149 ut
546 3097 832 3168 patriarcham-ipsis,
852 3117 933 3169 quem
958 3101 1068 3160 vellent,
1088 3107 1199 3149 crearet.
1236 3101 1355 3168 acceptis

263 3168 304 3220 his
326 3185 380 3228 rex,
398 3167 580 3236 imprudentia
611 3171 728 3235 ipsorum
748 3169 911 3238 improbata,
934 3169 1004 3220 dixit
1024 3170 1125 3220 “tacite
1144 3187 1217 3228 vcro,
1237 3170 1282 3238 qui
1301 3187 1355 3220 το-

189 3271 194 3282 ·
262 3239 305 3290 bis
332 3239 481 3308 placuerit,
505 3239 704 3308 patriarcham,
728 3240 948 3311 quandoquidem
976 3242 1057 3291 etiam
1082 3241 1155 3290 inter
1179 3257 1225 3290 vos
1244 3249 1272 3290 at
1290 3257 1354 3292 eum

263 3310 310 3380 qui
328 3327 400 3361 nunc
419 3308 446 3359 id
466 3325 562 3360 munus
580 3311 649 3376 gerit
662 3327 718 3362 non
736 3312 885 3362 convenit.''
904 3311 945 3362 iili
961 3327 1023 3378 ergo
1042 3312 1132 3362 Marco
1152 3310 1354 3378 improbissime

263 3383 348 3432 eiecto
373 3382 400 3431 in
426 3380 514 3432 locum
547 3380 604 3432 eius
631 3381 781 3451 produxere
812 3383 1023 3451 Trapezuntium
1051 3382 1220 3447 symeonem.
1258 3383 1355 3451 itaque

260 3451 377 3514 Marcus,
397 3467 448 3502 nec
466 3467 514 3520 per
532 3467 560 3502 se
574 3451 677 3504 habens
696 3454 776 3522 quod
790 3462 889 3522 agerat,
908 3471 958 3522 nec
975 3470 990 3503 a
1006 3469 1141 3524 quoquam
1160 3452 1276 3515 adiutus,
1294 3455 1354 3521 pri-

260 3531 346 3574 vatam
364 3523 446 3574 vitam
464 3522 574 3591 agebat,
596 3533 739 3592 expectans
759 3523 867 3593 quando
891 3524 969 3576 fieret
991 3525 1082 3592 aliqua
1101 3522 1227 3588 synodus,
1247 3524 1274 3573 iu
1296 3541 1352 3593 qua
1381 3583 1382 3586 Ἴ

207 3597 212 3614 '
260 3592 294 3644 de
313 3595 411 3645 iniuria
431 3592 481 3644 sibi
502 3594 571 3644 sacta
589 3603 755 3663 quereretur.
792 3595 882 3646 sedet
900 3595 934 3646 ad
955 3611 1086 3645 sacrarum
1108 3609 1193 3644 rerum
1214 3596 1352 3648 antistites
1455 3645 1456 3658 ,

259 3657 352 3716 liteias
375 3664 460 3715 dedit.
510 3663 582 3726 hinc,
603 3680 658 3715 non
679 3664 783 3716 modico
803 3667 944 3718 interiecto
966 3675 1104 3734 tempore,
1124 3665 1222 3716 factum
1243 3673 1274 3716 ut
1292 3681 1352 3714 ma·
1455 3659 1456 3707 i

259 3737 328 3786 xima
350 3733 467 3801 synodus
495 3744 699 3802 congregaretur
719 3735 755 3786 ob
781 3737 971 3806 inquirendum
989 3738 1017 3786 in
1039 3735 1225 3805 expulsionem
1245 3737 1353 3804 ipsius,

251 3822 389 3874 Quonam
417 3805 498 3858 huius
524 3821 602 3855 causa
625 3815 711 3856 esset:
736 3823 790 3857 uun
809 3807 931 3858 cessabat
954 3808 1024 3858 enim
1052 3799 1354 3874 ipsorumexaggeraru¹

259 3878 397 3930 clamitans
416 3876 537 3932 iniurias.
584 3885 647 3926 tunc
672 3879 742 3928 inter
762 3879 903 3946 pontifices
927 3878 1020 3930 aderat
1039 3877 1144 3945 praesui
1173 3877 1352 3946 Philippopo.

258 3946 325 4010 leos,
343 3949 452 4000 nomine
472 3946 633 4012 Dionysius,
660 3956 741 3998 notus
770 3957 798 3998 ct
823 3951 953 4016 gratiosus
970 3949 1042 4018 apud
1067 3949 1203 3998 dominam
1227 3949 1352 4010 Mariam,

259 4017 357 4068 s'ultani
375 4015 522 4070 novercam·
571 4034 640 4086 quae
662 4036 721 4068 cum
743 4020 890 4071 rescivisset
908 4019 941 4070 do
964 4019 1077 4074 dissidio
1097 4020 1238 4088 utriusque
1258 4020 1349 4088 patri·

259 4087 369 4149 archae,
394 4091 521 4160 civesque
548 4088 690 4140 distractos
720 4107 776 4141 esse
797 4091 824 4140 in
852 4091 997 4152 factiones,
1019 4091 1078 4140 aliis
1106 4089 1169 4140 huic
1188 4089 1248 4141 siiis
1268 4089 1351 4146 alteri

259 4158 447 4223 studentibus,
473 4163 530 4234 ipsa
550 4161 679 4214 coniectis
698 4161 726 4214 ia
744 4163 846 4214 lancem
871 4170 1023 4230 argenteam
1042 4161 1149 4214 duobus
1167 4160 1277 4216 milibus
1297 4179 1350 4218 aa·
