2954 4816
201 295 206 312 ,
257 223 327 294 τοο
713 226 907 336 ursso'ms

1306 331 1315 361 Ι

218 459 220 465 Ι
255 379 381 460 άρχην,
412 367 430 456 3
460 369 497 436 νά
532 371 590 446 σάς
613 372 869 464 θανατώσομενῗ
918 368 960 448 ὥς
982 362 1199 437 ‹isoucav‘tt-
1214 373 1349 447 τούτους

253 475 326 548 τούς
347 473 456 554 λόγους
467 467 505 534 ,οἱ
528 465 688 551 ἄρχοντες,
711 469 845 552 ἔκραξαν
857 467 990 535 σύνοδον
1009 469 1067 552 τήν
1084 474 1157 533 νέαν
1171 467 1349 551 ἑβδομάδα.

256 577 311 637 κατ’
334 571 523 642 καθίσαντες
554 567 581 632 oi
612 563 771 652 ἀρχιερεῖς
801 570 954 652 ἐζήτησαν
988 563 1036 632 ὅτι
1060 570 1097 632 νά
1120 572 1311 655 α’νάγντοσθῇ
1334 567 1352 632 3

171 741 175 752 ,
256 678 385 754 τόμος.Ι
415 670 430 733 3
463 675 496 733 δὲ
520 667 731 752 πατριάρχης,
753 667 840 752 ιςάρις
858 669 1044 750 Διονύσιος,
1064 669 1143 749 μετά
1166 671 1227 732 τῶν
1249 671 1357 732 οἰκιαέ
1463 679 1464 726 l

257 779 319 837 τῶν
337 775 394 856 ’τῆς
416 775 530 852 βουλῆς
553 773 650 832 orituri
671 773 722 832 ὁὲν
745 772 901 851 η’θὲλησαν
925 769 999 831 0333
1021 767 1057 832 νά
1081 764 1252 850 ὃμιληοοαν
1275 760 1379 842 οάδὲ5

238 871 295 938 νά
317 873 520 949 α’ποκριθοῦν.
564 867 648 932 οἶδὲ
672 862 820 950 ἄρχοντες
837 869 896 930 κατ’
917 865 945 931 οἱ
968 867 1182 950 περισσότεροι
1204 871 1267 930 τῶν
1290 869 1353 948 α’ρ·
1463 871 1464 900 r

256 955 398 1056 χιερέων,
408 968 454 1043 Ιοἷς
468 967 539 1047 ἴδον
551 969 665 1052 ταύτην
678 967 735 1048 την
756 967 995 1052 καταφράνεσιν,
1013 967 1161 1052 άναφορά
1174 969 1236 1029 ’τοῦ
1250 967 1357 1044 noorai

258 1070 292 1136 τό
321 1069 439 1147 ἔκαμον
463 1066 495 1148 (3
519 1065 625 1142 ὁποῖος
650 1058 720 1147 ἦτον
742 1062 758 1126 3
780 1065 1043 1148 Ῥουσταπασιᾶς,
1063 1069 1193 1151 ,πρῶτος
1215 1067 1357 1146 βεζίρης,

257 1167 398 1254 γαμβρὸς
419 1169 474 1230 τοῦ
494 1171 667 1249 βασιλέως)Ι
686 1163 739 1227 καί
759 1165 803 1236 εἰς
826 1163 860 1226 τὸ
885 1167 1047 1228 πεσκὲοτον
1068 1165 1258 1226 ε’πανεύαστν
1279 1161 1357 1230 ἔντα-

258 1295 334 1351 μον,
356 1263 403 1329 ὅτι
428 1267 464 1327 νά
485 1263 639 1350 ἑξεταχθῇ
662 1263 678 1346 ἡ
700 1263 851 1338 ὑπόθεσις
873 1259 954 1345 αὕτη
976 1265 1033 1326 τοῦ
1053 1261 1158 1380 νόριον
1172 1263 1226 1325 κατ’
1246 1265 1277 1328 εἰ
1295 1266 1359 1342 μὲν
1371 1283 1402 1335 10

260 1367 276 1432 3
293 1367 496 1482 πατριάρχης
520 1362 600 1444 ἔγινε
626 1368 765 1442 νομιμως
787 1365 841 1426 καί
862 1368 1040 1442 κανονικῶς,
1062 1361 1099 1426 νά
1125 1363 1179 1425 τὸν
1198 1366 1374 1444 3rrpooxv-a-
1463 1417 1464 1464 η

260 1465 405 1557 νησαιμεν
427 1464 480 1526 dati
503 1462 682 1546 πατριάρχη
701 1487 789 1548 μσς,
822 1487 850 1525 ει
873 1467 907 1525 δὲ
930 1461 983 1524 καί
1004 1461 1194 1545 παρανόμως
1215 1459 1297 1544 ἔχινε
1318 1459 1359 1527 νά
1463 1469 1464 1536 l

264 1565 447 1646 καθηρεται.
501 1561 517 1624 3
551 1565 599 1624 33
622 1556 819 1677 πατριάρχης
849 1565 901 1624 (tta
931 1553 1023 1644 ηθελε
1041 1559 1082 1624 νά
1110 1561 1228 1646 ακοάση
1252 1565 1361 1624 τοῦτο·

260 1664 358 1742 μόνον
387 1661 508 1742 ἔστερξε
541 1663 596 1744 την
623 1659 813 1724 ε’πανεάοσιν
843 1666 900 1724 τοῦ
925 1663 1096 1724 πεσκεσίον.
1140 1658 1170 1722 οἱ
1194 1659 1268 1724 δὲ’
1247 1683 1362 1742 αρχτε-

256 1773 328 1862 ριῖς
316 1767 404 1837 ςκαί
432 1761 460 1825 οἱ
484 1756 652 1842 ἄρχοντες,
684 1785 727 1834 ως
758 1757 878 1826 i‘rlravfl
861 1785 907 1824 οτι
936 1765 1055 1884 στέργει
1080 1785 1137 1842 την
1159 1762 1404 1839 ἑπανεάαστν,15

263 1857 398 1927 πάλιν
379 1887 448 1941 εκα
449 1889 499 1924 ταν
530 1865 769 1982 περισσοτέραν
779 1848 931 1944 οάξηστν·
978 1853 1054 1941 ητον
1084 1863 1119 1924 δὲ
1141 1860 1174 1923 τὸ
1196 1865 1364 1924 πεσκέσιον

266 1965 393 2046 φλοιρτά
428 1964 615 2024 πεντακόσια
650 1959 712 2022 α’πὸ
736 1985 792 2040 την
816 1957 917 2042 άρχη,
941 1985 993 2022 ιιατ
1016 1959 1086 2022 τότε
1105 1959 1139 2022 τὸ
1163 1957 1366 2022 ε’πανεάασαν

264 2071 348 2143 τρεῖς
375 2049 530 2142 χιλιάδες
551 2063 685 2143 φλοιριά.
718 2057 753 2150 ¹3
786 2061 822 2120 δὲ
845 2058 1041 2142 πατριάρχης
1072 2059 1236 2144 μετά-τῶν
1260 2060 1366 2141 φίλων
1410 2143 1412 2146 Ι

267 2155 368 2222 αάτοῦ
397 2160 572 2242 α’ρχιερέτον
603 2162 658 2221 κατ’
678 2161 840 2239 κληρικτόν,
862 2161 915 2220 κατ’
935 2161 1031 2238 μέρος
1056 2160 1217 2220 toulant
1239 2154 1366 2234 ἔκαμον

269 2261 444 2322 σύνοδον
422 2258 483 2320 ανά
506 2261 607 2375 χιέσον
618 2257 733 2334 αὐτῶν,
757 2259 789 2318 τί
811 2255 847 2317 νά
872 2256 993 2335 κάμονν
1014 2254 1170 2329 τὶςτοῦτο.
1213 2281 1264 2318 κατ
1262 2253 1407 2372 ἔτζηοο

269 2355 480 2482 ὃμοφτάνησαν
506 2352 552 2418 ὅτι
573 2358 609 2418 νά
629 2357 783 2432 δάσονν
798 2355 878 2438 ροκιῖ
891 2379 943 2418 τοο
931 2353 1162 2437 βασιλέως,”
1143 2379 1267 2428 εσοντας
1282 2350 1368 2417 3uo3

210 2451 346 2542 168ητον
372 2458 387 2520 3
413 2459 543 2538 πρῶτος
565 2451 740 2538 βεζτρης
725 2479 740 2516 ο
762 2457 1020 2528 Ῥουσταπασιοῖς
1049 2454 1167 2536 ἐχθρὸς
1187 2457 1286 2534 μέγας
1308 2454 1368 2518 τοῦ

272 2557 482 2642 πατριάρχου.
526 2580 577 2620 και
601 2555 643 2630 αἱς
666 2553 800 2639 ἔστησαν
818 2560 917 2638 τοῦτο,
940 2551 1059 2633 ἔκαμον
1079 2551 1134 2616 τὸν
1155 2553 1264 2637 ῥοκάν,
1286 2554 1369 2634 ypsi·

274 2819 445 2884 signaremus,
467 2824 514 2867 aut
532 2825 617 2867 morte
637 2799 738 2884 poenas
758 2815 919 2866 lueremusss’
955 2815 1089 2882 principes
1107 2813 1148 2863 bis
1162 2814 1260 2864 auditis
1280 2831 1368 2878 sy-no

273 2889 335 2938 dum
356 2889 481 2971 sequenti
498 2887 665 2937 hebdomade
678 2897 840 2936 convocant:
864 2885 1004 2954 pontifices
1025 2885 1174 2943 consident,
1197 2885 1367 2940 sanctionem

275 2959 380 3020 recitari
402 2959 548 3026 postulant.
593 2967 621 3007 at
649 2957 797 3024 patriarcha
820 2958 978 3039 Dionysius,
1009 2964 1036 3005 et
1057 2973 1103 3024 qur
1123 2972 1182 3004 cum
1201 2972 1257 3022 rpso
1279 2955 1368 3007 sacie-

275 3030 351 3090 bsnt,
370 3045 419 3078 nec
438 3029 557 3096 colloqui
577 3044 626 3076 nec
647 3027 836 3094 respoutlere'
830 3028 895 3110 ipsis
913 3027 1051 3076 volebant..
1076 3027 1211 3094 principes
1233 3034 1260 3076 et
1280 3027 1369 3076 maior

275 3115 336 3167 pars
356 3098 522 3180 pontificum,
542 3106 570 3146 ut
601 3097 682 3146 talem
708 3099 901 3146 contumaciam
921 3097 1055 3155 viderunt,
1076 3095 1110 3146 ad
1130 3097 1231 3146 bassam
1250 3097 1369 3146 rettule-

277 3175 348 3226 runt,
366 3174 413 3235 qui
444 3175 500 3217 erat
521 3169 600 3216 Basta
620 3167 713 3228 bassa,
732 3169 831 3234 primus
852 3169 970 3228 assirius,
991 3168 1059 3232 regis
1080 3183 1178 3234 gener,
1196 3169 1367 3234 etpescesio

277 3238 400 3318 erigendo
429 3253 533 3286 causam
563 3236 711 3298 dederuut,
732 3247 762 3288 ut
781 3238 966 3306 exquireretur
993 3240 1131 3304 negotium
1151 3237 1220 3286 illud
1240 3239 1368 3288 novellae

278 3308 478 3358 constitutionis
497 3325 542 3357 seu
563 3307 677 3358 decreti.
709 3310 747 3358 ‘si
769 3308 933 3376 patriarcha'’
959 3309 1087 3377 inquiunt
1106 3309 1250 3374 “legitime
1266 3317 1295 3358 et
1317 3309 1369 3358 rite

279 3381 363 3430 sactus
384 3387 432 3438 est,
454 3379 612 3430 retineamus
633 3380 743 3447 ipsum,
749 3397 796 3451 pro
817 3377 967 3447 patriarcha
985 3395 1046 3428 vero
1065 3377 1196 3428 habentes
1217 3378 1370 3429 ethonore

279 3449 371 3500 debito
401 3459 603 3518 prosequentes.
644 3453 693 3500 sin
722 3460 830 3510 contra,
853 3466 933 3518 quam
960 3450 1003 3498 lex
1025 3449 1182 3516 praescribit
1212 3449 1298 3498 sactus
1320 3457 1370 3513 est,

278 3519 457 3588 deponatur?
494 3538 614 3572 recusare
636 3489 862 3589 patriarclralrbstc
887 3519 933 3570 sed
952 3523 1077 3569 auctione
1100 3519 1240 3570 honorarii
1254 3521 1372 3587 acquie-

253 3609 256 3620 ·
279 3607 361 3642 scere.
398 3599 425 3640 at
450 3591 590 3658 pontifices
612 3601 639 3642 et
660 3593 785 3658 primates
806 3591 856 3640 hoc
884 3608 949 3652 vrso,
964 3607 1024 3640 cum
1044 3589 1184 3640 admittere
1204 3591 1373 3651 auctionem,

281 3661 369 3712 denuo
400 3668 475 3710 tanto
504 3663 631 3711 maiorem
654 3665 774 3712 feceruut
792 3661 966 3711 additionem.
1014 3661 1101 3709 fuerat
1121 3663 1271 3728 pescesiom
1290 3662 1373 3710 initio

280 3730 353 3782 arrrei
386 3733 534 3798 quingenti.
581 3741 645 3782 tuuc
672 3749 733 3781 vero
762 3731 796 3780 ad
831 3733 881 3781 tria
905 3732 980 3780 milia
1006 3747 1147 3781 aureorum
1175 3731 1373 3798 perduxerunt.

281 3803 416 3852 enimvero
436 3800 597 3868 patriarcha,
614 3803 677 3869 ipss
693 3810 720 3852 et
738 3805 784 3870 qui
804 3804 828 3852 ei
849 3801 975 3852 favebant
990 3801 1130 3868 pontifices
1150 3801 1238 3852 clerici
1259 3810 1287 3852 et
1309 3819 1373 3870 pars

281 3873 385 3954 populi
404 3871 474 3920 inter
494 3888 522 3922 se
542 3874 683 3936 concilium
704 3871 848 3931 habebant,
871 3871 936 3940 quid
955 3872 988 3922 de
1007 3873 1058 3922 hoc
1078 3873 1205 3922 facerent.
1243 3875 1376 3922 convenit

283 3943 354 3990 inter
373 3957 418 4010 eos
437 3941 551 3998 dandum
572 3959 628 3993 esse
648 3944 795 4026 supplicem
815 3942 937 3992 libellum
955 3942 989 3992 acl
1007 3959 1105 4010 regem,
1124 3959 1183 3992 cum
1197 3943 1249 3992 hoc
1268 3946 1374 3994 eertum

284 4019 365 4073 esset,
383 4029 495 4080 primum
511 4029 649 4074 vestatum,
679 4016 766 4082 ipsum
787 4015 866 4064 llasta
886 4013 1003 4075 bassam,
1031 4029 1193 4081 magnopere
1221 4013 1375 4064 commodis

285 4079 419 4134 adversari
436 4083 610 4152 patriarchae.
647 4083 697 4136 hoc
712 4085 756 4134 ubi
773 4084 809 4135 sic
826 4082 977 4147 decrevere,
996 4093 1126 4154 pararunt
1143 4085 1374 4155 supplicationem
