2922 4824
538 269 740 338 enimet.
1129 259 1176 332 di

86 429 193 508 δοῦρα,
234 427 290 499 καί
303 400 444 506 χἠγάπα,
484 423 540 484 καί
565 422 673 484 πάσαν
701 413 831 500 εὔλογον
864 416 955 492 α’ξίαν
984 415 1087 480 urire&
1123 416 1179 480 ταί

87 529 194 609 δέησιν
222 518 405 605 ἐξεπλήρου.
459 521 515 582 καί
542 515 649 600 ἔλεγον
677 519 732 582 καί
753 517 788 582 ta
810 516 931 579 τούτων
948 515 1059 578 πολλοί
1077 511 1175 578 πολλά

86 627 157 705 περί
176 625 290 686 τούτου
310 623 368 684 ruri
382 621 567 701 σοολτάνου,
588 611 831 688 dertusensem
851 611 1179 696 καίπληρσφορηθείς

86 725 122 787 τὰ
145 723 220 802 περί
245 723 298 803 ιής
325 717 467 802 ἀληθοῦς
494 719 629 791 πίστεως
651 716 853 799 Χριστιανῶν
881 715 914 776 ἐν
943 713 1119 798 α’μφιβολίρι
1140 703 1180 794 ήν

64 825 158 904 aaron*
177 824 231 902 ιής
248 815 374 882 ἑαυτοῦ.

185 920 235 984 Ου’
263 919 382 979 πολλοί
408 917 444 978 δὲ
473 911 589 994 χρόνον
618 907 832 992 παρελθόντος
862 906 1048 991 ἐστράτευσε
1084 908 1179 972 πάλιν

88 1017 165 1083 κατά
190 1017 448 1098 Πελοποννήσου.
496 1007 595 1076 ὄντων
629 1013 665 1075 δὲ
692 1013 760 1074 ἐκεί
786 1012 970 1094 Δημητρίου
1001 1011 1055 1072 καί
1076 1009 1179 1086 Θωμιῖ

87 1125 149 1183 τάν
167 1118 337 1193 δεσποτῶν,
358 1113 413 1177 καί
428 1110 472 1196 μή
489 1114 672 1192 δυναμένων
691 1111 978 1192 α’ντιμαχέσασθαι,
998 1105 1180 1192 σανςφάνη·

87 1243 146 1282 σαν
169 1219 226 1280 καί
245 1219 289 1290 εἰς
309 1214 399 1296 λόγον
419 1207 534 1296 ήλθον,
556 1212 607 1276 ἵνα
637 1214 821 1292 παρέχωσιν
841 1211 927 1293 ον’τήι
945 1212 1033 1280 τέλος
1051 1204 1180 1278 ἕκαστος
1221 1287 1225 1296 ‚

49 1325 79 1378 10
87 1314 258 1400 χρυσίνυυς
276 1311 425 1396 χιλιάδας
447 1308 513 1380 δύο.
557 1312 697 1374 δέδωταν
716 1312 752 1374 δὲ
773 1310 858 1395 ου’τῷ
879 1305 1013 1371 καίἴιλια
1030 1299 1103 1368 ὅσον
1123 1327 1178 1368 πε-

8 1403 9 1408 ί
88 1413 285 1500 ριεπάτησεν,
310 1407 381 1495 ἦτοι
401 1409 458 1495 τήν
478 1411 617 1492 Ἀχαίαν
639 1411 753 1491 πᾶσαν,
776 1405 917 1472 παλαιάν
938 1403 1083 1488 Πάτραν,
1105 1407 1178 1480 Ka·

86 1511 228 1597 λάβρντα
251 1513 306 1576 καί
326 1507 440 1583 λοιπάς
465 1505 581 1582 πόλεις.
631 1510 686 1569 καί
709 1501 810 1580 οὕτως
826 1507 1008 1589 εἰσπνεύσας
1031 1504 1178 1587 άνὲοτρε·

85 1631 155 1692 uer,
176 1611 270 1675 ου’δὲν
290 1604 366 1674 άλλο
386 1605 520 1691 ποιήσας
540 1605 619 1672 τότε.
657 1610 713 1671 καί
730 1605 769 1672 τά
789 1609 849 1686 μὲν
869 1605 925 1670 τοῦ
946 1607 1100 1704 βασιλέας
1120 1597 1176 1666 ori·

84 1737 147 1788 τως
169 1703 252 1794 ἦσαν
275 1711 568 1790 ἐξοικονομούμενα.
934 1712 942 1729 “

48 1822 76 1873 ld
184 1807 220 1876 ‘O
241 1813 277 1874 δὲ
296 1810 503 1892 πατριάρχης,
526 1803 543 1870 ά
567 1805 742 1890 άχιάτατος
764 1810 794 1871 Γ
793 1805 941 1884 εννάδιος,
963 1799 1176 1884 πατριαρχεά.

84 1935 144 1987 σας
164 1909 219 1992 ἔτη
241 1911 332 1972 πέντε
357 1911 413 1972 καί
434 1905 589 1988 ποιμάνας
611 1910 713 1982 καλῶς
732 1905 787 1970 τάν
806 1907 865 1968 τοῦ
884 1905 996 1986 κυρίου
1017 1898 1105 1982 λαόν,
1126 1898 1181 1964 καί

83 2008 216 2092 ὕστερον
247 2007 304 2090 τήν
336 2011 431 2092 φίλην
459 2006 681 2086 α’σπασάμενος
710 2005 866 2089 ἡσυχίαν,
888 2001 1179 2083 μετακαλεσάμενος

84 2105 218 2170 σύνοδον
242 2105 418 2188 ἀρχιερέων
445 2107 572 2188 ἐποίησε
602 2101 801 2187 παραίτησιν.
843 2105 898 2165 καί
919 2098 1113 2184 α’νεβιβάσθη
1132 2103 1178 2175 εἰς

82 2207 138 2270 τὸν
159 2203 394 2288 πατριαρχιαὸν
405 2201 517 2288 θρόνον
539 2205 676 2286 ὀνάριος
695 2205 864 2287 Ἰσίδωρος,
886 2200 904 2266 ὅ
929 2199 1016 2286 lyme
1038 2223 1178 2281 πνεομο·

43 2306 176 2389 λθεινός,
198 2303 235 2368 ὃν
265 2301 371 2387 ἔλεγον
398 2303 503 2368 κοινὸν
531 2302 651 2387 α’χαθὸν
673 2308 796 2386 πατέρα
825 2300 854 2368 οἱ
883 2305 918 2368 ἐν
938 2307 978 2391 τῇ
1000 2303 1100 2365 πόλει.
1143 2296 1178 2377 ὃς

85 2409 142 2470 ταί
160 2400 421 2489 πατριαρχεάσας
443 2403 549 2488 ὀλίγον
566 2405 722 2489 ἐκοιμήθη
735 2403 790 2469 τὰν
812 2401 970 2489 μακάριον
992 2400 1101 2483 ὕπνον,
1124 2407 1179 2470 κατ’

18 2535 32 2570 D

84 2678 201 2740 allexit,
215 2678 247 2730 in
263 2676 440 2730 admiratione
462 2676 580 2746 denique
602 2683 630 2728 et
647 2678 822 2729 veneratione
839 2677 944 2730 habuit.
962 2695 1044 2747 saepe
1062 2679 1177 2748 proinde

85 2747 264 2820 patriarcham
283 2747 316 2799 ad
334 2765 361 2800 se
381 2749 496 2812 vocarit,
517 2749 634 2816 benigno
654 2748 776 2817 alloquio
794 2747 928 2818 donisque
946 2759 1103 2819 prosecutur
1121 2761 1175 2804 est:

85 2821 133 2872 sed
153 2828 182 2872 et
200 2819 353 2888 quamlibet
372 2820 456 2888 ipsine
478 2820 576 2870 rationi
601 2828 809 2870 consentaneam
825 2821 984 2888 petitionem
1002 2840 1029 2874 re
1049 2823 1176 2890 explevit.

86 2910 142 2960 quo
165 2893 264 2942 lactum
283 2898 314 2942 ut
330 2892 409 2942 multi
430 2891 514 2942 multa
531 2889 565 2940 de
582 2887 634 2942 hoe
656 2890 763 2942 animno
781 2892 935 2958 sparserint,
955 2909 1016 2944 eum
1037 2901 1108 2944 certa
1128 2909 1175 2944 eo-

85 2963 209 3029 gallione
234 2964 463 3031 persuasioneque
490 2961 524 3014 de
552 2962 667 3012 veritate
695 2960 759 3024 fidei
785 2957 952 3014 Christianae
970 2963 1103 3016 imbutum
1124 2963 1176 3014 iam

84 3033 150 3084 hine
167 3035 196 3083 iu
214 3031 298 3083 dubio
316 3029 356 3084 de'
370 3050 418 3084 sua
439 3033 569 3099 religione
588 3031 680 3084 fnisse.

154 3121 289 3188 Tempore
310 3135 365 3172 non
386 3121 473 3172 multo
493 3127 567 3188 poet,
589 3137 678 3170 rursus
696 3118 896 3187 expeditionem
916 3122 945 3185 io
962 3121 1176 3191 Peloponnesum

85 3189 215 3258 srrscepit.
252 3207 330 3261 qoam
353 3208 413 3242 cum
428 3191 522 3242 fratres
539 3190 593 3240 duo
614 3190 774 3258 palaeologi,
797 3191 945 3244 Demetrius
967 3203 994 3246 et
1013 3193 1139 3258 Thomas,
1160 3213 1176 3247 a

85 3263 135 3314 tali
155 3262 270 3330 imperio
289 3261 419 3330 despotae
437 3259 511 3324 dicti,
530 3270 663 3323 tenerent,
675 3278 726 3312 nec
737 3261 886 3314 resistendo
905 3274 1003 3326 essent,
1023 3267 1175 3320 interventu

85 3333 279 3386 collocutionis
298 3333 377 3384 ambo
396 3334 467 3401 pacti
482 3341 614 3384 suntcum
633 3333 691 3400 ipso
702 3332 774 3382 binis
793 3349 933 3386 aureorum
953 3335 1073 3400 milibus,
1092 3347 1177 3406 quot-
1215 3390 1217 3394 ,

85 3404 165 3466 annia
186 3401 282 3454 tributi
306 3398 418 3455 nomine
436 3402 541 3454 dandis.
587 3404 666 3454 etiam
686 3405 822 3471 proprium
844 3404 884 3454 illi
900 3405 1071 3458 tradiderunt
1089 3425 1176 3478 quan·

84 3485 142 3527 turm
164 3474 221 3540 agri
233 3490 293 3524 curn
312 3475 430 3526 exercitu
450 3474 573 3536 obiisset,
592 3474 717 3526 Achaiam
734 3473 873 3536 videlicet,
894 3477 991 3542 priscas
1004 3477 1102 3541 Patras,
1123 3480 1176 3529 Ca-

86 3547 211 3612 lahryta,
237 3554 265 3596 et
288 3545 342 3596 alia
372 3545 481 3617 oppida.
528 3548 566 3596 sic
591 3561 657 3614 pace
683 3545 753 3596 facta
782 3549 927 3596 exercitum
958 3545 1080 3608 reduxit,
1099 3551 1175 3602 nulla

85 3619 143 3666 alia·
162 3633 191 3666 re
220 3623 284 3668 tuno
311 3626 393 3685 geete.
438 3617 505 3668 haec
531 3633 619 3668 rerum
640 3615 854 3678 athnioistratio,
876 3615 920 3668 hic
937 3625 1022 3670 statua
1043 3619 1115 3688 apud
1133 3637 1175 3671 re·

104 3706 144 3738 em
168 3695 234 3737 erat.
922 3733 924 3744 ,

86 3706 100 3755 8
176 3755 324 3808 Patriarcha
351 3773 424 3819 vero,
445 3757 625 3808 sanctissimus
643 3755 821 3821 Gennadius,
841 3766 983 3828 postquam
1002 3760 1105 3810 muneri
1125 3776 1176 3811 suo

85 3831 158 3880 bene
179 3830 208 3879 in
226 3826 361 3898 pascendo
389 3827 433 3878 dei
458 3828 561 3897 populo
593 3828 806 3896 quinquennium
843 3831 1020 3898 praefuisset,
1049 3832 1176 3898 vitaeque

85 3901 185 3952 dehinc
207 3899 370 3968 tranquillae
396 3900 701 3968 curarumqueeaperti
730 3916 758 3949 se
784 3899 882 3952 dedere
905 3902 1008 3967 uellet,
1027 3909 1175 3952 convocato

85 3971 247 4044 pontificum
269 3970 387 4022 concilio
414 3987 442 4022 se
472 3968 655 4038 patriarchatu
686 3970 819 4022 abdicavit
864 3971 1009 4022 subductus
1033 3972 1124 4040 itaque
1145 3973 1174 4024 in

86 4040 294 4111 patriarchicum
326 4041 423 4092 solium
452 4041 502 4092 suit
519 4039 658 4100 isidorus,
686 4042 726 4091 vir
744 4052 865 4103 sanctus,
885 4043 1046 4111 pneumatici
1064 4059 1175 4096 munere

85 4117 218 4187 fungens5
248 4128 345 4182 quem,
366 4113 413 4182 qui
443 4111 535 4163 urbem
565 4110 736 4176 incolebant,
763 4127 929 4166 communem
954 4122 1056 4183 patrem
1073 4114 1175 4168 bonum
