2954 4816
238 270 307 338 172
689 277 884 344 ursanum
1131 261 1144 290 ⁸

175 427 315 507 165ρέαν
335 425 490 507 κληρικῶν
512 423 675 507 ἀρχόντων
690 429 745 490 καί
757 427 880 487 πολλάν
895 416 998 487 άλλων
1012 422 1177 508 χρησίμων
1191 423 1326 504 satam.

233 523 351 606 εὑρέθη
375 524 410 585 δὲ
430 519 495 587 tiss
528 527 573 596 εἰς
597 521 653 604 την
673 523 809 608 μεγάλην
829 526 994 602 ἐκκλησίαν
1016 525 1069 586 καί
1089 519 1105 584 o‘
1127 523 1326 605 πατριάρχης

228 617 464 705 Ἱεροσολύμων,
485 617 575 704 κάρος
599 624 627 686 Γ
626 620 770 706 ερμανός,
791 621 845 684 καί
863 619 991 686 ἐκάθισε
1016 620 1071 684 καί
1090 621 1185 695 άάτὸς
1205 622 1249 693 εἰς
1272 621 1326 701 την

232 722 374 784 σύνοδον.
433 718 488 782 καί
519 717 723 804 ὁμιλησανκες
760 718 857 784 πολλά
900 721 975 800 κερί
1002 723 1060 782 τοῦ
1094 720 1326 799 πατριαρχικοῦ

232 819 350 900 θρόνου
381 817 591 902 ὁμοφώνησαν
614 824 669 882 και“
687 819 821 904 ἔστησαν
848 821 901 882 καὶ
920 819 1015 898 τάμον
1044 819 1209 902 ἐγγράφως
1232 815 1352 898 {ppo-5

232 935 310 996 ψαν,
332 919 386 981 καί
406 917 546 982 κάτωθεν
565 917 794 1002 ὁπατριάρχης
818 917 915 992 ου’τὸς
930 922 992 982 τῶν
1009 918 1235 999 Ἱεροσολύμων
1250 917 1327 980 ὑπέ-

232 1033 337 1098 γραψε
361 1021 414 1080 καί
449 1011 513 1080 ὅλοι
537 1015 565 1080 oi
590 1018 758 1099 άρχιερεΐς,
783 1012 849 1081 ὅσοι
873 1017 1069 1100 εἰρέθηοαν,
1090 1021 1143 1078 καί
1164 1011 1192 1078 οἱ
1208 1021 1328 1096 Ικληρι-

232 1121 290 1179 κοι’.
346 1113 362 1180 o‘
395 1119 430 1180 δὲ
459 1115 549 1196 τόμος
582 1114 685 1198 ἔλεγεν
716 1115 808 1200 ἔτζη,
843 1115 917 1195 ὅτι,
938 1113 1047 1188 ὅκοιος.
1068 1121 1129 1180 τῶν
1149 1117 1328 1196 α’ρχιερέων

232 1219 377 1303 βουληθῇ
409 1220 450 1295 μὲ
482 1219 596 1280 κανὲνα
618 1214 732 1296 τρόπον
758 1217 812 1279 καί
838 1220 920 1298 γένει
944 1217 1139 1298 πατριάρχης
1166 1216 1266 1294 χωρίς
1287 1211 1325 1274 νά

233 1319 420 1396 μαζοχθοῦν
441 1311 505 1379 ὅλοι
522 1316 550 1379 οἱ
574 1321 744 1399 ἀρχιερεῖς,
770 1323 995 1400 μητροπολῖιαι
1013 1311 1252 1398 άρχιειιιόκοιιοι
1274 1317 1328 1376 καί
1339 1325 1371 1378 tt

235 1417 413 1495 ἐπίσκοποι,
442 1419 496 1496 τῆς
531 1409 700 1498 άνατολης,
733 1419 787 1498 τῆς
817 1395 936 1489 cloniaca
971 1419 1026 1479 καί
1040 1420 1096 1497 τῆς
1119 1414 1327 1493 Πελοπονηση

235 1505 331 1595 ἤγουν
355 1516 411 1576 τοῦ
432 1517 579 1596 Μορέως,
600 1513 638 1577 νά
660 1514 725 1578 ἔναι
759 1517 1026 1596 αὕτοκαθαίρετος
1054 1516 1109 1595 τῆς
1126 1511 1329 1594 α’ρχιεριοσά.

238 1635 294 1693 γης
315 1615 370 1674 καί
388 1616 445 1676 τοῦ
460 1612 589 1694 θρόνον.
635 1615 689 1676 καί
703 1613 884 1698 άφοριομὸν
905 1613 920 1676 ά
940 1615 1130 1692 Ἡρακλείας
1151 1610 1329 1695 &toposque

236 1709 315 1792 μετά
338 1711 522 1796 αλμοφοριόο
544 1711 599 1775 καί
611 1715 850 1797 ἐκιτραχηλιλνο.
894 1715 949 1776 καί
967 1711 1040 1795 ε”τζη
1060 1711 1232 1796 ὁμοφώνως
1253 1709 1331 1772 αἰνέ-

238 1816 363 1874 οτειλαν
385 1811 608 1893 ταχυιλρόμοος
630 1813 675 1886 εἰς
699 1811 774 1886 τοάς
796 1815 956 1894 α’ρχιερεῖς
977 1809 1057 1891 μετά
1077 1813 1242 1891 βασιλικοῦ
1258 1808 1331 1889 ὁρι-
1342 1825 1373 1876 15

238 1912 324 1986 ομοά
336 1963 344 1996 ,
373 1913 429 1972 καί
447 1909 600 1989 catastas
627 1911 711 1985 τούς
725 1913 885 1994 άρχιερεῖς
906 1909 1020 1984 adroic
1053 1907 1154 1990 ὅλους,
1181 1909 1234 1970 καί
1252 1933 1331 1971 συν.

238 2010 365 2092 τζελέτη
387 2009 459 2084 τούς
482 2009 617 2091 ἔκαμνον
652 2015 696 2087 εἰς
718 2011 773 2076 τὸν
793 2015 905 2094 zaddi.
959 2007 1064 2085 ὅποιος
1086 2013 1139 2074 (λέν
1161 2009 1265 2096 άπάγη
1286 2010 1333 2082 εἰς

240 2106 276 2169 τὸ
302 2119 528 2191 πατριαρχεῖον
549 2114 603 2174 καί
629 2111 647 2193 ἤ
670 2109 768 2192 βουληι
790 2115 927 2192 μερικιὸν
954 2105 1128 2191 άρχιερέων
1150 2112 1204 2172 καί
1223 2115 1333 2190 κληρι.

243 2209 304 2270 κάν
325 2206 380 2270 καί
401 2209 562 2290 α’ρχὸντοον
597 2203 688 2292 ἦτον,
711 2209 796 2274 niodo
816 2213 1001 2291 ουναχθοῦν
1022 2206 1089 2271 άλοι
1110 2205 1138 2272 oi
1161 2211 1331 2292 α’ρχιερεῖς,

239 2306 309 2370 τότε
329 2305 366 2370 νά
388 2309 470 2389 γένει
492 2307 640 2388 σύνοδος,
663 2307 702 2373 νά
726 2315 946 2392 saonensem
974 2313 1026 2373 καί
1047 2307 1084 2372 νά
1110 2310 1375 2390 ὲξωριζωθοῦνγο

239 2404 339 2470 πολλά
358 2411 484 2472 ἐναντιά
506 2409 568 2472 niati
597 2409 654 2493 τὴν
676 2407 822 2494 μεγάλην·
837 2413 1021 2494 ἑκκληοιάν,
1055 2407 1136 2492 άρχη
1162 2408 1195 2471 τὸ
1221 2411 1331 2487 Equos.

185 2715 190 2727 .
239 2657 346 2710 virtutis
367 2660 491 2712 virorum.
536 2659 628 2711 aderat
653 2669 718 2710 tunc
744 2661 772 2709 in
791 2675 885 2725 magna
914 2659 1025 2709 ecclesia
1051 2655 1200 2726 patriarcha
1219 2672 1329 2725 quoque

238 2729 509 2796 Hierosolymorum,
529 2733 572 2781 cui
591 2747 689 2782 nornen
712 2725 860 2780 Germanus
880 2737 956 2794 erat3
989 2738 1016 2780 et
1035 2730 1150 2779 concilio
1169 2728 1226 2795 ipse
1242 2728 1329 2778 ¹etiam

195 2825 198 2836 ·
239 2801 376 2853 intererat
414 2802 492 2868 longa
511 2800 544 2851 de
558 2801 735 2870 patriarchico
758 2799 855 2851 throno
874 2799 1057 2866 disputatione
1077 2799 1167 2850 habita
1188 2799 1329 2869 unanimes

239 2871 381 2922 salutarem
401 2875 621 2924 constitutionem
641 2875 776 2936 lecernnt3
800 2888 880 2940 qnam
902 2879 929 2921 et
954 2871 981 2920 in
1001 2871 1136 2936 scriptum·
1149 2869 1329 2935 redegerunt;

240 2949 269 2992 et
287 2943 354 2992 inira
383 2951 438 2993 tum
460 2944 703 3009 Hierosolymorum
731 2943 880 3010 patriarcha
908 2940 1079 3008 subscripsit,
1108 2949 1164 2990 tum
1192 2947 1330 3008 quotquot

240 3010 353 3063 aderant
375 3014 517 3080 pontifices
548 3031 578 3062 sc
606 3015 705 3064 clerici.
749 3013 839 3062 aiebat
871 3012 918 3062 illa
944 3013 1047 3060 sanctio
1068 3013 1118 3062 sic:
1151 3013 1329 3078 “quicunque

241 3083 392 3149 praesulum
407 3084 491 3133 vellet
512 3085 568 3133 ullo
589 3084 669 3134 modo
692 3081 928 3149 lierilpatriarchau
949 3081 1101 3151 absqueyeo
1122 3089 1150 3130 ut
1172 3082 1261 3130 cuncti
1279 3096 1330 3140 ¹es-

241 3159 301 3200 sent
321 3155 473 3217 congregati
493 3153 643 3219 pontifices,
665 3152 1058 3221 metropolitaearchiepiscopi
1080 3159 1107 3202 et
1125 3153 1252 3221 episcopi,
1271 3159 1329 3200 tum

241 3221 359 3272 Orientis
379 3230 435 3271 tum
456 3222 608 3287 Occidentis
624 3232 678 3273 turn
694 3223 882 3290 Peloponnesi,
904 3224 975 3272 hunc
994 3224 1082 3282 talem,
1102 3223 1152 3271 iam
1175 3223 1260 3290 ipsum
1282 3237 1331 3288 per

241 3307 269 3342 se
288 3300 486 3344 contemnatum
514 3293 670 3364 pontificatu
692 3303 719 3344 et
750 3296 846 3344 throno
866 3291 999 3344 deiectum
1021 3293 1104 3344 esse.'’
1148 3309 1177 3343 nc
1199 3291 1331 3347 condem-

241 3363 377 3414 nationem
399 3364 431 3413 ab
459 3365 642 3434 ecclesiaeque
662 3365 794 3415 consortio
823 3365 1013 3416 seiunctionem
1045 3364 1187 3414 lleracleae
1207 3363 1331 3423 antistes,

240 3449 313 3483 sacra
339 3433 468 3485 humerali
500 3445 527 3486 et
553 3436 646 3486 collari
673 3445 745 3486 veste
779 3435 907 3496 indutus,
940 3435 1126 3502 promulgavit.
1168 3429 1331 3484 tunc'con·

240 3504 314 3554 cordi
333 3523 398 3556 voce
418 3508 564 3557 emiserunt
585 3507 704 3574 pernices
723 3507 832 3556 nuntios
853 3505 886 3557 acl
908 3507 1049 3574 pontifices
1072 3523 1130 3555 cum
1160 3506 1232 3570 regio
1252 3521 1329 3554 man·

240 3574 319 3626 dato:
339 3593 384 3626 eos
403 3588 596 3644 congregarunt
616 3578 768 3640 universos,
787 3585 814 3626 et
836 3577 908 3644 apud
928 3577 1116 3644 provincialem
1144 3575 1259 3625 iudicem
1287 3583 1330 3624 ta-

240 3644 294 3694 lem
315 3645 512 3698 ordinationem
532 3648 740 3698 constituerunt.
787 3647 1021 3715 “quandocunque
1046 3647 1142 3716 aliquis
1163 3643 1330 3713 patriarcha·

242 3723 298 3764 tuns
317 3717 412 3767 sitiens
430 3735 484 3767 non
511 3717 649 3768 accederet
667 3719 693 3768 iu
715 3718 921 3782 patriarcheum‚
951 3717 1122 3768 sed'tautum
1141 3718 1259 3766 coitione
1278 3715 1331 3765 ali·

243 3794 312 3853 quot
341 3787 494 3855 pauciorum
514 3789 680 3854 praesulum,
698 3789 853 3838 clericorum
876 3797 903 3838 et
930 3790 1083 3855 primorum,
1104 3790 1244 3852 legeretur,
1266 3803 1330 3854 per·

242 3855 305 3906 inde
326 3873 356 3906 ac
374 3859 395 3908 si
416 3857 449 3908 ab
471 3857 655 3908 universorum
677 3859 791 3908 concilio
813 3862 914 3910 electos
934 3869 1013 3919 esset,
1034 3867 1097 3908 tuuc
1117 3857 1248 3923 synodum
1270 3874 1328 3907 esse

227 3926 402 3991 cogendam,
427 3929 454 3977 in
474 3944 526 3996 qua
547 3929 613 3980 tales
633 3929 765 3994 dignitate
793 3947 838 3979 sua
858 3939 1027 3980 moverentur
1055 3929 1179 3994 et'longe
1200 3944 1214 3976 a
1234 3944 1331 3995 magna

243 3997 356 4047 ecclesia
375 3997 502 4049 eradicati
522 4000 742 4068 proiiccrentur.''
788 4001 985 4069 improbitatem
1009 3998 1076 4049 lianc
1096 4016 1109 4047 a
1130 3997 1331 4065 nundinatione

243 4065 359 4118 Simonis
377 4071 462 4136 magi,
482 4069 515 4119 de
536 4087 590 4144 qno
610 4072 637 4120 in
659 4070 729 4122 libro
758 4087 841 4121 rerum
866 4071 899 4120 ab
921 4071 1051 4140 apostolis
1070 4065 1166 4120 Christi
1185 4078 1330 4136 gestarum,

244 4143 332 4186 ortum
359 4145 387 4188 et
406 4154 504 4190 nomen
534 4139 649 4208 haber05
669 4151 859 4212 contraquam
882 4152 972 4192 extare
993 4157 1121 4192 canonem
1140 4141 1330 4209 apostolicum.

727 4254 734 4278 l
