2954 4816
715 382 721 412 λ

102 432 193 518 oroi,
213 431 272 502 toti
295 430 532 520 Μοριοφότοιι,
555 436 611 500 τοῦ
632 438 773 522 Μίτραν
793 439 848 503 καί
870 437 932 503 rori
946 437 1135 528 Ὶζοροολοό,
1156 443 1213 510 κατ’

101 534 168 600 τόν
186 532 392 618 τιμιωτάτων
412 539 584 621 κληρικοῖν·
627 537 683 600 καί
702 537 904 624 ἐσρόσφιραν
917 537 972 606 τόν
993 539 1137 609 εἰκοστόν
1156 539 1211 609 ἔν-

101 657 200 702 νατον
219 634 334 703 κανόνα
361 638 425 702 τιόν
454 635 553 720 άγίοον
584 633 769 704 α’σοστόλων
799 637 855 704 καί
880 637 935 706 τόν
961 642 1157 728 τριακοστόν,
1179 639 1212 710 οἶ

102 733 210 802 taoni
231 735 417 822 άιιοφήνουν
437 731 497 818 ότι,
519 731 627 814 όιιοιος
648 739 730 821 γένει
745 737 917 825 α’ρχιιρτός
937 732 957 826 ἢ
969 737 1076 828 ἱερεός
1097 735 1117 828 ἢ
1139 743 1211 810 dmi·

74 837 168 900 5κιον
191 839 233 918 μό
255 841 404 924 φλιορία,
434 830 557 921 ἦόλλο
581 834 728 922 χάρισμα
751 840 1010 923 ἐκκλησιαστικὸν
1031 841 1070 908 νά
1096 841 1210 934 οἰιόρη,

102 934 143 1001 νά
165 935 340 1023 καόὴρτται
367 937 384 1004 o‘
417 937 590 1024 άρχιερεός
621 943 739 1015 ἐκεῖνος
760 936 839 1006 inuri
870 940 968 1024 ἔκαμε
987 942 1047 1028 τήν
1064 967 1210 1032 χειροτο-

101 1035 195 1122 νίαν,
218 1036 335 1119 ὁμοίως
364 1040 420 1106 καί
446 1043 562 1116 ἐκεῖνος
595 1032 676 1106 όιιάῦ
705 1038 938 1126 ἐχειροτονήθη.
980 1048 1035 1112 καί
1052 1047 1092 1110 ου’
1109 1049 1209 1128 μόνον

102 1137 144 1203 νά
168 1137 363 1222 καθήρανται
385 1139 416 1206 οἱ
446 1141 559 1220 αότοί,
590 1133 654 1222 duri
682 1145 737 1206 καί
763 1140 802 1206 νά
823 1143 1016 1228 χαρίζονται
1037 1147 1093 1231 τῆς
1115 1148 1209 1231 όγίας

103 1239 271 1314 κοινωνίας
286 1245 349 1306 τοῖν
366 1243 583 1326 Χριστιανῶν,
606 1239 648 1314 uic
661 1244 769 1321 Σίμων
781 1240 797 1306 ό
808 1239 909 1325 μάγος
919 1243 963 1308 ότι
976 1247 1057 1326 ε’μοό
1068 1247 1207 1334 Ιλότροιι.

58 1343 96 1400 10
232 1337 383 1422 Ελλιωμιν
406 1340 555 1422 καὶπερὶ
575 1343 632 1405 τοῦ
653 1342 848 1423 ἒμβατικίου.

189 1437 316 1526 Γράφει
339 1439 354 1504 ὃ
379 1443 479 1524 μέγας
502 1439 675 1518 Βασίλειος
697 1442 777 1526 ιιρός
799 1442 874 1521 roric
897 1447 1088 1524 ἐπισκόπους
1109 1451 1208 1515 adrui

103 1533 155 1606 ότι
175 1539 215 1604 νά
240 1544 339 1626 μηδὲν
367 1540 551 1624 λαμβάνουν
584 1543 712 1625 φλοιρία
742 1543 797 1608 καί
829 1545 970 1626 κόμνοον
999 1555 1207 1634 χειροτονίας,

102 1641 292 1708 saturioro
313 1644 491 1728 καθηριθῆ.
535 1641 677 1720 riccerico*
700 1643 815 1729 γράφοι
834 1644 889 1710 καί
907 1647 982 1732 περί
1000 1651 1058 1712 rori
1077 1649 1209 1731 τ’μβατιζ
1238 1712 1242 1723 ,

102 1727 184 1822 ιιιόιι,
207 1737 289 1806 cirrosi
309 1739 495 1823 λαμβάνονν
512 1739 568 1824 τὴν
589 1740 729 1826 σήμερον
751 1749 878 1824 μερικοί
907 1745 1078 1830 α’ρχιεριῖς.
1121 1741 1209 1829 όμαις

56 1841 120 1907 156
145 1847 231 1916 θεῖος
253 1839 410 1926 Ζοιναράς
440 1844 594 1928 ἐξηγεῖται
627 1839 745 1926 ταύτην
768 1841 825 1925 τὴν
847 1839 971 1908 ἔννοιαν
997 1849 1209 1933 καταλεατοῖς,

102 1945 161 2008 κατ’
177 1946 259 2024 λέγει
282 1936 330 2008 ότι
353 1946 467 2008 ἐκεῖνον
487 1937 568 2005 (inuri
580 1944 706 2007 σωλοόν
727 1942 784 2025 τὴν
802 1944 900 2028 χάριν
920 1947 978 2010 τοῦ
998 1945 1090 2031 άγιόο
1112 1945 1209 2016 unsri.

100 2067 221 2128 ματος,
253 2043 306 2110 διὰ
336 2046 552 2132 φιλαργυρίαν
583 2041 619 2110 τὸ
642 2040 797 2126 κόμοοον,
835 2043 854 2128 ἦ
883 2044 978 2112 tarra
1011 2054 1209 2136 φιλαργυρία

103 2143 176 2212 ἔναι
198 2145 270 2232 ῥίζα
292 2143 417 2212 πάντων
439 2149 502 2209 τοῖν
525 2147 650 2226 κακῶν,
672 2141 728 2208 καί
746 2142 935 2227 ὀνομάζεται
956 2149 1209 2236 εἰόωλολατριιλι,

105 2246 189 2312 διότι
210 2242 381 2332 προτιμάιι
401 2243 438 2314 τό
462 2245 580 2312 sidonio
601 2251 707 2310 πλοῖον
730 2245 817 2332 ιιαροὶ
846 2244 901 2314 τόν
922 2245 1008 2334 θεόν,
1029 2249 1083 2318 καί
1102 2259 1209 2333 μιμεῖ.

55 2353 159 2420 λθται
189 2345 244 2415 τόν
265 2347 395 2416 ’luridum
441 2340 548 2430 ιόσιιιρ
578 2347 639 2430 γάρ
671 2349 804 2426 ἐκεῖνος,
840 2345 893 2412 διό
927 2345 965 2414 νά
995 2346 1143 2434 κερόὴσιι
1167 2348 1210 2416 τά

102 2443 256 2532 α’ργόρια,
277 2448 457 2530 ι’ριαρὲόαικτ
494 2445 547 2510 τόν
569 2449 727 2531 Χριστόν,
750 2441 852 2522 νότιος
874 2451 929 2514 καί
947 2452 1075 2531 μεριιιοί
1094 2450 1211 2534 α’ρχιε·
1237 2478 1242 2484 ·

101 2555 171 2632 ρείς
195 2546 394 2634 ααρκόίόοον
422 2549 463 2625 μὲ
497 2543 530 2612 τό
552 2545 633 2614 ἴόιόν
661 2570 738 2623 τοος
768 2549 894 2631 θέλημα
916 2550 1070 2635 δευτέραν
1092 2552 1208 2636 ιιροόο.

101 2752 153 2816 nii,
173 2751 316 2820 ttizyensir,
339 2751 446 2802 Lazinei
476 2759 503 2802 ct
521 2749 731 2820 Ischuauicnsis',
753 2749 990 2804 devotissimorum
1010 2753 1077 2808 item
1095 2755 1206 2826 cpisco-

100 2839 215 2894 porum,
234 2822 422 2884 Rhoodestini,
439 2821 684 2891 Myriopirytensis‚
713 2823 859 2874 Metrcnsis
890 2831 918 2875 rt
944 2825 1136 2891 Tzeruirnsis,
1155 2845 1207 2881 nec

99 2913 160 2948 non
177 2894 373 2946 venerabiiium
394 2894 562 2944 clericorum.
613 2895 679 2946 ¹tunc
697 2893 807 2962 allegati
825 2902 895 2946 sunt.
908 2895 1050 2963 vigesimus
1069 2916 1158 2952 nonus
1178 2907 1207 2952 et

100 2967 255 3036 trigesimus
285 2983 401 3028 canones
426 2973 577 3018 sanctorum
598 2965 793 3034 apostolorum,
822 2965 923 3034 quibus
942 2967 995 3020 hoc
1013 2977 1135 3022 sunctum
1155 2980 1206 3034 est,

100 3041 125 3090 si
146 3039 217 3106 quis,
238 3039 397 3108 quicunque
415 3037 506 3100 torris,
526 3037 573 3088 flat
591 3037 715 3106 pontifex
735 3046 782 3089 sut
800 3037 923 3090 sacerdos
939 3049 986 3092 out
1006 3039 1136 3097 diaconus
1155 3059 1206 3114 pc·

100 3111 199 3162 cuniae
222 3109 395 3172 interventu,
424 3117 471 3160 aut
499 3109 576 3160 aliud
601 3109 813 3162 ecclesiasticum
839 3127 935 3163 munus
966 3112 1103 3183 accipiat,
1123 3115 1206 3174 deiici

101 3181 193 3232 officio
213 3198 262 3232 suo
280 3189 336 3233 tum
358 3181 446 3250 ipsum
467 3180 626 3250 pontificem
639 3180 847 3250 designatorem,
868 3191 925 3234 tum
944 3185 1070 3252 alterum,
1089 3188 1138 3258 qui
1157 3186 1207 3240 ds.

100 3253 224 3320 signatus
245 3253 295 3319 τῆς
324 3269 374 3304 nec
401 3268 464 3302 vero
491 3251 573 3303 dciici
602 3252 688 3304 solum
708 3255 797 3316 tulrs,
814 3253 863 3305 sed
889 3255 970 3307 ctiam
991 3273 1006 3308 e
1027 3273 1100 3310 socru
1130 3277 1207 3314 com-

99 3325 234 3376 munione
246 3324 353 3394 piorum
364 3323 521 3386 examinari,
548 3325 619 3374 sicut
630 3325 732 3375 Simoni
754 3341 831 3392 mago
847 3342 862 3376 a
877 3326 909 3376 D.
923 3328 954 3378 1).
972 3328 1049 3381 Petro
1068 3331 1206 3396 acciderit.

253 3393 377 3446 Dicamus
397 3403 425 3445 et
449 3393 483 3448 dc
504 3395 656 3454 cmbaticio.
724 3413 733 3426 ·

175 3465 277 3518 Scribit
301 3468 333 3518 D.
351 3465 462 3518 Basilius
492 3465 525 3518 ad
556 3467 697 3538 episcopos
713 3482 800 3528 suos,
825 3467 947 3518 nunilo
977 3478 1055 3538 pacto
1075 3464 1207 3540 pecuniis

102 3555 185 3594 causa
207 3539 308 3592 fuciunt
328 3537 522 3600 ordinationes,
544 3555 594 3590 nec
613 3536 711 3592 exinde
733 3537 904 3594 deiiciuutur.
957 3539 1052 3592 scribit
1069 3541 1108 3594 ibi
1128 3543 1207 3598 etde

102 3609 261 3674 embuticio,
281 3608 355 3679 quod
373 3609 455 3660 hodie
473 3610 617 3678 pontifices
642 3609 752 3679 quidum
781 3609 900 3679 accipere
925 3628 980 3663 uon
1001 3620 1136 3667 verentur.
1174 3617 1208 3668 D.

101 3683 235 3744 Zonaras,
268 3681 421 3734 sentcntiae
449 3679 528 3732 huius
559 3684 697 3750 expositor
722 3681 829 3732 subtilis
849 3691 876 3734 et
897 3681 1029 3751 diligens,
1047 3683 1116 3740 dicit
1137 3686 1209 3753 “itti,

102 3755 152 3823 qui
174 3753 295 3804 vendunt
330 3754 442 3819 gratiam
461 3753 545 3804 sancti
566 3753 684 3822 spiritus,
712 3771 761 3824 per
779 3751 920 3804 nvnritium
938 3755 967 3806 id
986 3754 1109 3811 iaciunt(
1136 3775 1207 3829 quac

101 3824 219 3876 avaritia
238 3832 280 3876 cst
297 3824 374 3876 radix
393 3825 511 3877 omnium
529 3825 669 3886 malorum,
689 3833 717 3875 et
729 3825 886 3877 nominatur
903 3826 1061 3900 idoioiutria
1080 3847 1112 3882 eo
1131 3830 1208 3900 quod
1241 3883 1245 3897 ,

101 3895 249 3965 anteponit
268 3893 343 3946 idola
364 3895 426 3960 deo,
444 3895 526 3964 magis
548 3913 579 3946 ea
601 3895 745 3960 honorans,
774 3904 802 3948 ct
822 3897 943 3949 imitatur
964 3898 1065 3952 ludam.
1086 3909 1116 3953 ut
1134 3902 1208 3957 onim

103 3967 156 4020 ille
184 3967 220 4017 ob
238 3967 447 4020 lucrifaciendos
475 3975 618 4034 argenteos
647 3965 771 4036 prodidit
797 3967 949 4032 Christum,
976 3972 1012 4022 ita
1032 3979 1060 4022 ct
1077 3974 1207 4028 nonnulli

102 4039 248 4108 pontifices
268 4056 316 4090 sua
336 4041 478 4092 voluntate
503 4039 593 4091 dcuuo
614 4038 750 4090 Christum
770 4039 897 4108 produnt,
925 4041 971 4111 qui
993 4043 1075 4094 semsi
1094 4061 1143 4114 pro
1162 4063 1207 4104 ιη.

102 4111 165 4163 lutc
185 4112 324 4166 nostruin
344 4129 449 4164 crucem
467 4110 588 4164 sublatus
611 4109 672 4162 fuit.
693 4111 844 4168 intantum
865 4113 936 4164 enirn
955 4115 1098 4168 imitantur
1112 4115 1207 4174 Iudam

102 4183 175 4238 talos
195 4181 349 4258 pontifices,
367 4185 415 4256 qui
438 4183 509 4237 donc
530 4183 653 4248 vendunt
667 4182 794 4254 spiritus,
816 4191 846 4238 ut
874 4193 901 4237 ct
918 4183 977 4236 loca
995 4201 1066 4258 quac
1086 4189 1136 4244 tali
1153 4206 1205 4266 ρο.
1218 4227 1230 4240 „
