2922 4824
269 297 318 368 28
722 293 923 362 'lllSTORiA

269 443 466 532 ἀγαθὸνκαὶ
488 445 582 526 μέρος
602 441 772 527 χροσίνων,
793 441 928 509 ἐπειπών
950 441 1038 530 οιάτρῖ
1060 436 1293 526 “πατριάρχειίτ
1307 436 1356 504 ἀπ’

216 555 218 566 ”
268 549 408 634 εάτνχίρι,
428 546 482 608 καί
501 541 555 626 ἔχε
576 542 632 625 τὴν
652 545 762 630 φιλίαν
781 544 880 628 ἡμῶν,
898 542 932 606 ἀν
954 533 999 617 οἷς
1014 545 1129 620 ἀλλοις,
1151 538 1234 622 ἔχων
1253 537 1355 604 πιόντα

270 645 309 711 τό
332 645 372 708 osi
394 640 557 726 προνόμια,
582 642 625 718 ὥς
655 645 711 706 κατ’
731 641 762 708 οῖ
784 641 844 726 πρό
865 645 927 708 ouri
941 638 1136 724 πατριάρχαι
1153 633 1260 722 εἶχον·
1302 635 1356 718 ἔχε

216 799 218 806 .
271 749 306 810 di
328 727 383 808 καλ
407 742 461 809 τόν
488 741 566 806 ναόν
595 745 658 806 τῶν
687 742 785 826 ἁγίων
812 739 995 807 ἀποστόλων
1023 743 1068 814 τίς
1089 740 1246 804 κατοικίαν
1267 734 1359 821 osis?

270 848 325 908 ιιιιί
355 837 452 916 οὕτως
480 839 593 923 ἔλαβε,
628 840 682 904 κατ’
712 844 854 926 ἐποίησεν
886 838 987 904 αὐτόν
1018 845 1259 921 πατριαρχιῖον·
1303 835 1379 906 τόν5

270 926 326 1026 γὰρ
348 943 424 1006 ναὸν
443 944 495 1023 τῆς
515 938 608 1022 ἀχίσς
630 941 769 1026 Σοφίας,
793 938 828 1016 ἀς
848 933 887 1021 ἧν
909 945 1145 1022 πατριαρχσῖον,
1170 935 1199 1000 οἱ
1219 931 1355 1020 Ἀχοιρη.

270 1044 318 1106 soe·
339 1037 462 1122 ἔλαβον.
560 1115 564 1123 .
1249 1097 1250 1100 ,

343 1133 450 1212 ”Oaros
476 1140 512 1201 δὲ
539 1140 594 1201 τισί
619 1133 849 1221 Ιτόρισιιομὲνοιι
881 1132 948 1200 ἐκεῖ
964 1138 1023 1200 τοῦ
1042 1134 1242 1218 πατριάρχου
1266 1135 1357 1220 ἐντῷ

267 1245 334 1328 supi
364 1241 422 1304 ταῖν
448 1237 544 1320 ἀγίων
574 1235 758 1300 ἀποστόλων
784 1233 902 1320 εὑρέθη
930 1257 977 1310 τις
1001 1237 1230 1321 πεφονευμένος
1262 1235 1357 1312 μέσον

220 1372 222 1380 v
266 1343 323 1404 τοὺ
345 1341 421 1402 ναοῦ
439 1341 492 1418 τῆς
503 1336 610 1421 αάλῆς,
630 1329 699 1420 ἦτοι
722 1333 811 1400 ἔνδον
831 1341 883 1419 τῆς
905 1335 1064 1419 περιοχῆς.
1107 1327 1181 1396 ὅθεν
1202 1334 1394 1416 φοβηθιίςίο

267 1439 284 1500 ό
306 1433 500 1520 πατριάρχης
519 1433 562 1518 μή
586 1460 651 1509 πως
680 1437 733 1499 καί
754 1428 835 1499 ἀλλα
861 1429 953 1514 όμοια
976 1436 1138 1516 γένωνται,
1157 1429 1358 1514 ἀνεχώρησεν

265 1529 386 1600 ἐνιεῖθιν
405 1537 646 1612 καταλιίψσντες
666 1532 717 1596 τὸν
738 1532 925 1611 θάνμοιστόν
945 1531 1018 1596 ναὸν
1039 1530 1173 1614 ἔρημοντ·
1207 1531 1301 1594 τοῦτο
1316 1531 1371 1592 ’ἀὲ-

265 1627 397 1719 ἐγένελο,
430 1629 479 1696 ότι
500 1635 542 1720 τῷ
571 1635 670 1720 καιρῷ
692 1633 797 1720 ἐκείνῳ
827 1633 844 1694 ό
880 1631 973 1706 τόπος
1001 1633 1057 1694 καί
1077 1632 1115 1694 τά
1141 1629 1297 1713 sculpam
1317 1625 1355 1692 τό

266 1738 354 1818 πέριξ
374 1735 432 1796 τοῦ
452 1735 532 1796 ναοῦ
560 1719 639 1815 ἦσαν
660 1724 752 1795 dossa
763 1782 777 1813 ‚,
794 1728 974 1814 ἀνθρώπων
994 1732 1106 1814 χωρίς,
1128 1728 1285 1794 πεσόντων
1309 1735 1356 1792 τις

267 1833 333 1898 νιόν
348 1835 382 1895 ὲν
398 1835 523 1920 πολέμιρ
545 1833 599 1896 καί
619 1823 724 1896 ἄλλων
757 1819 1087 1914 αἰχμαλωτισθέντων,
1109 1825 1223 1911 ἑτέρων
1244 1829 1280 1890 δὲ
1303 1828 1359 1890 καί
1367 1842 1404 1894 15·

266 1931 436 2018 φαγόντων.
1203 1941 1211 1960 ·
1270 1943 1273 1948 ’

345 2019 695 2114 Ἀναχωρήσαντοςάὲ
727 2032 784 2094 τοῦ
815 2027 1016 2113 πατριάρχου
1044 2025 1077 2092 ἐκ
1107 2029 1174 2110 τοῦ·
1194 2027 1273 2090 νοιοό
1294 2027 1358 2089 τῶν

266 2129 362 2212 ἀμίαι
381 2128 576 2208 ἀποστόλων,
598 2129 653 2192 καί
666 2125 852 2213 ζητήσαντος
869 2132 924 2193 κατ’
941 2125 1089 2210 λαβόντος
1109 2123 1166 2209 τήν
1179 2123 1280 2209 μονὴν
1301 2123 1358 2207 τοῖςΙ

264 2229 531 2310 παμμωιιορίστου
564 2227 619 2292 κατ’
638 2236 866 2310 πατριαρχεῖον
886 2230 1109 2312 ποιησαμένου,
1130 2224 1174 2300 ἀς
1198 2222 1281 2290 ἔστιν
1298 2225 1359 2300 ἓως

245 2319 317 2408 ’τῆς
337 2320 475 2407 σήμερον
495 2328 549 2390 καί
567 2334 661 2406 μενεῖ
678 2324 811 2407 ἀυνάμτι
827 2325 882 2390 καί
891 2329 1024 2412 βοηθείᾳ
1044 2324 1121 2389 θεοῦ
1144 2317 1198 2408 (ἦν
1218 2325 1253 2388 δὲ
1274 2320 1357 2406 αὕτη
1365 2343 1399 2401 ρρ

263 2423 286 2507 si
301 2421 379 2508 μονὴ
404 2420 439 2488 τό
458 2426 555 2488 τιάλσι
584 2433 760 2508 γυναικεῖον
790 2423 1031 2510 μονοστὴριον),
1060 2421 1139 2504 μετὰ
1163 2422 1274 2505 καιρόν
1294 2415 1358 2504 ἤρ-

264 2529 354 2602 ξαντο
376 2522 497 2608 ῥίπτειν
523 2523 577 2589 καί
598 2527 765 2610 ἀφανίζειν
784 2525 836 2590 τόν
864 2529 951 2590 θεῖον
974 2529 1067 2612 (φεῦ)
1090 2521 1251 2602 ναόν,.κιιι“
1270 2527 1358 2598 τέλος

206 2803 208 2807 ·
264 2781 424 2842 inauratum,
443 2781 586 2832 artificiose
608 2779 716 2832 factum.
754 2779 831 2832 dedit
850 2787 877 2832 et
895 2779 1109 2850 equumbonum
1139 2788 1167 2832 et
1187 2788 1356 2831 certamau'-

232 2879 236 2890 x
266 2869 369 2904 reorum
388 2868 527 2916 summam,
546 2851 587 2902 his
606 2851 693 2904 verbis
721 2850 819 2904 additis
848 2850 939 2920 “quod
964 2851 1081 2902 faustum
1100 2869 1130 2902 ac
1147 2851 1214 2902 felix
1233 2851 1277 2912 sit,
1295 2861 1355 2904 esto

264 2921 432 2992 patriarcha,
449 2931 477 2974 et
506 2932 582 2974 utere
603 2933 694 2974 nostra
719 2921 837 2974 amicitia
863 2923 891 2972 iu
921 2921 1021 2992 quibus
1051 2921 1130 2974 rebus
1151 2921 1233 2981 voles,
1249 2921 1355 2974 habens

264 2995 353 3052 omnia
371 2994 429 3042 iura
448 2995 654 3062 privilegioque,
674 2995 752 3045 sicuti
766 2992 919 3062 superiores
938 3001 1000 3044 ante
1022 3001 1049 3044 te
1062 2991 1228 3062 patriarchae
1245 2991 1356 3045 ,habue-

265 3073 334 3114 runt·
371 3062 441 3112 habe
462 3080 572 3132 quoque
591 3063 721 3131 templum
744 3065 770 3113 S.
790 3064 980 3132 Apostolorum
998 3063 1127 3114 domicilii
1148 3064 1233 3114 loco.''
1270 3065 1309 3114 ita
1327 3060 1357 3114 id

264 3141 329 3187 tunc
347 3135 469 3202 accepit,
494 3141 522 3182 et
542 3133 742 3201 patriarchicam
768 3131 917 3184 ibi-sedem
943 3135 1092 3186 collocavit.
1131 3133 1260 3202 templum
1282 3136 1357 3184 enim

265 3205 292 3254 S.
313 3201 443 3270 Sophiae,
466 3201 540 3324 pund
566 3205 714 3272 antiquitus
739 3201 949 3274 patriarcharum
968 3204 1133 3276 domicilium
1151 3205 1255 3266 fuera,
1284 3207 1357 3273 Aga-

265 3274 323 3324 rsui
342 3273 392 3324 sibi
413 3289 463 3324 ven
485 3275 596 3329 icarunt.

331 3355 401 3410 Eum
419 3359 544 3411 sutemS.
564 3359 754 3430 Apostolorum
775 3361 904 3430 templum
925 3361 1057 3412 incoleret
1076 3360 1234 3430 patriarcha,
1254 3360 1358 3412 iuven-

206 3435 210 3439 '
266 3437 309 3482 tus
328 3439 368 3482 est
388 3431 416 3480 in
436 3438 512 3500 septo
531 3431 624 3500 templi
645 3447 691 3482 seu
717 3431 788 3499 iutra
816 3431 947 3483 ambitum
978 3431 1057 3482 homo
1078 3432 1188 3482 occisus.
1226 3430 1299 3482 uude
1320 3433 1358 3482 ti·

264 3517 339 3552 more
366 3501 503 3570 perculsus
530 3501 699 3572 patriarcha,
728 3519 763 3552 ue
783 3501 1139 3570 similisdeinceps'etiam
1161 3501 1266 3562 fierent,
1288 3501 1357 3552 inde

266 3571 397 3634 discessit,
417 3573 511 3624 relicto
533 3573 582 3624 illo
600 3571 749 3622 admirandi
763 3574 851 3641 operis
872 3575 976 3642 templo
993 3589 1086 3626 vacuo.
1124 3571 1152 3624 id
1170 3571 1233 3632 inde
1252 3572 1358 3624 luctum

267 3641 340 3712 quod
359 3643 408 3692 illo
429 3652 549 3713 tempore
568 3645 643 3694 locus
664 3643 721 3704 iile,
740 3651 768 3694 et
788 3661 856 3712 quse
876 3645 945 3696 circs
970 3643 1099 3712 templum
1120 3641 1209 3704 aedes,
1229 3660 1243 3692 a
1263 3643 1359 3694 culto-

266 3712 340 3763 ribus
360 3721 549 3776 vacuassent,
570 3722 646 3782 parte
671 3711 810 3764 hominum
837 3715 914 3782 bello
933 3731 1030 3777 caesa,
1050 3715 1110 3766 aliis
1130 3713 1360 3783 ea'pttvisssesis,

246 3787 321 3834 'nou
340 3784 421 3834 etiam
439 3783 522 3834 nullis
541 3785 670 3856 profugis.

337 3869 400 3920 Cum
427 3887 441 3920 e
467 3871 568 3936 templo
594 3871 620 3920 S.
640 3872 828 3938 Apostolorum
845 3870 995 3941 pstriarcha
1022 3870 1195 3930 excessisset,
1222 3869 1359 3937 aliudque
1452 3907 1453 3910 ι

266 3947 360 4004 petens
381 3943 572 3992 monasterium
591 3941 808 3993 Pammacaristae
830 3941 892 4012 (hoc
911 3942 1142 3992 est-beatissimae
1161 3941 1271 4007 virginis
1293 3942 1358 3992 Ms-

267 4006 333 4078 riae)
352 4013 506 4080 accepisset,
524 4019 612 4080 atque.
626 4011 653 4061 id
675 4013 733 4062 sedi
754 4011 946 4081 patriarchicae
966 4012 1117 4064 dedicasset
1135 4013 1216 4080 (sicut
1237 4019 1265 4062 et
1283 4012 1357 4068 iasii-3

267 4095 331 4126 nuru
349 4079 431 4139 hodie
450 4092 490 4133 est
508 4090 544 4142 et,
563 4081 614 4132 deo
634 4091 759 4150 potenter
777 4100 808 4132 uc
823 4082 942 4150 benigne.
958 4084 1075 4145 iuvante,
1096 4082 1225 4144 manebit,
1237 4099 1309 4132 cum
1327 4085 1359 4134 in

268 4162 300 4200 eo
319 4155 482 4205 monasterio
503 4154 653 4224 antiquitus
672 4170 761 4208 sacrae
778 4154 894 4206 feminae
914 4153 1113 4222 habitassent),
1132 4151 1275 4222 progressu
1287 4161 1361 4204 tem-
