2946 4830
483 297 768 372 minumum
793 305 837 370 ll.
1125 293 1199 370 tat

103 459 256 548 denudem
274 453 556 544 pertentaveris
574 455 641 548 εἶχε
663 467 766 528 seinis
786 465 841 530 καί
862 466 953 530 τοῦτο
966 461 1129 549 ἐπλούτει,
1150 449 1203 526 Ιότι

103 563 333 648 τόν.α’ρχιερέα
355 567 447 630 πλέον
468 544 592 628 πόντων
613 563 720 646 ήμόπα
733 568 787 630 καί
807 565 920 651 ἐφιλει,
943 563 997 628 καί
1018 560 1119 648 ήδὲως
1138 561 1202 636 μό.

104 669 160 732 τοῦ
186 658 291 752 ήκουε,
315 665 367 732 κατ’
388 669 433 744 εἰς
449 665 508 750 τήν
530 665 647 751 βουλήν
669 662 767 732 ου’τόν
781 673 1028 752 προσεκαλεῖτο·
1070 662 1144 738 τεός
1167 665 1203 734 δὲ

103 762 232 851 ἐτέρους
252 759 409 850 ἄρχοντας
441 755 496 850 τής
524 771 640 851 βουλῆς
662 763 761 834 αότοό
790 769 947 846 ἐξελέξατο
970 759 1088 846 ἄνδρας
1109 787 1202 828 συντ.

81 869 178 948 seris
198 867 254 938 καί
272 871 334 934 τεόν
354 861 393 932 ed
414 864 593 952 γεγονότων.
637 874 692 934 καί
713 862 795 934 οότιο
822 867 899 949 μετόν
925 869 1086 950 σταθερός
1106 861 1204 951 μαλήε

101 961 160 1055 Ινης
182 971 290 1053 διῆγον
309 967 348 1036 τό
366 968 534 1036 Ἰωόννινα
556 971 610 1036 ἐπί
628 970 766 1054 χρόνους
786 972 949 1051 τέσσαρας.
1073 1019 1079 1030 ,
1218 967 1226 980 ’

201 1071 250 1134 Ἐν
270 1068 334 1136 ἔτει
352 1073 387 1136 δὲ
410 1071 494 1139 6903.
504 1122 513 1152 ,
543 1073 738 1146 ἰνδικτιαῖνος
768 1073 806 1151 3,
834 1073 1033 1154 Δεκεμβρίου
1056 1073 1112 1152 28,
1143 1069 1204 1136 dni

105 1175 140 1238 όέ
158 1174 303 1253 Χριστοῦ
319 1160 451 1255 1395,’ἧ
476 1168 581 1254 α’γαθή
595 1175 690 1255 κυρία
708 1170 733 1254 ἦ
755 1172 898 1255 μακαρία
918 1175 975 1236 καί
995 1170 1206 1256 assenserim

104 1273 276 1354 βασίλισσα
298 1268 465 1353 Ἀγγελική
485 1270 647 1336 Δοόκαινο
675 1269 694 1356 ἦ
716 1271 956 1354 Παλαιολομίνα
983 1267 1040 1354 τήν
1067 1271 1128 1336 τεόν
1150 1273 1205 1336 orl·

65 1373 211 1456 tepescis
227 1369 396 1454 βασιλείαν
417 1374 475 1456 τής
491 1374 825 1456 ἐπιγειουυῖντήλλαξε,
849 1376 905 1436 καί
927 1375 959 1437 ἐν
981 1374 1132 1461 μετανοίᾳ
1150 1372 1207 1438 καί

103 1469 321 1556 ἐξομολογήσει
343 1471 397 1538 καί
417 1479 550 1555 θερμοῖς
574 1476 721 1557 δακρύοις
743 1476 776 1538 ἐν
797 1473 912 1562 εἰρήνῃ,
926 1472 1136 1545 α’νεπαόοατο,
1186 1470 1207 1555 ή

103 1578 213 1654 μέντοι
234 1573 325 1649 πόλις
345 1574 405 1640 τεόν
426 1573 615 1641 Ἰωαννίνων
633 1573 675 1648 τός
697 1577 751 1640 ἐπί
765 1575 851 1660 κοινῇ
869 1576 1028 1657 τρέχουσαι
1043 1578 1207 1664 συμφορᾷ,

105 1679 162 1738 ode
185 1667 254 1756 εἶχε
276 1676 385 1760 πρόως
407 1679 469 1759 τῆς,
482 1677 618 1760 φυσικῆς
633 1679 745 1757 κυρίας
766 1676 871 1740 αότοόν
889 1672 946 1758 τήν
967 1680 1116 1760 στέρησιν
1137 1678 1208 1740 ἐνε-

14 1817 16 1824 ·
104 1783 198 1859 μυεῖν,
220 1775 291 1841 ἀλλ’
314 1777 439 1864 α’θυμίςι
460 1778 622 1858 συνείχετο
645 1774 700 1840 καί
719 1776 849 1860 θρήνοις
869 1783 993 1852 πολλοῖς
1014 1781 1068 1840 καί
1087 1785 1207 1860 γοεροϊς

67 1881 96 1936 15
106 1874 249 1940 ἐκόπτετο
272 1880 327 1943 κοί
348 1875 498 1962 οἰδόρετο,
523 1875 578 1942 καί
598 1879 842 1942 συναποθέσθαι
865 1875 978 1952 πόντος
1007 1874 1064 1952 τός
1085 1873 1207 1942 ἑαυτόν
1301 1945 1303 1952 ,

104 1974 217 2059 ψυχός
248 1979 285 2064 τῇ
304 1976 412 2066 α’γαθῇ
447 1981 540 2063 κυρίᾳ
573 1979 765 2063 προῄρηντο.
808 1978 854 2053 τίς
874 1968 913 2040 όν
934 1979 1085 2062 δυνηθείη
1108 1977 1207 2042 εἰπεῖν

104 2075 181 2152 τούς
201 2077 334 2161 κρότους
353 2079 409 2160 τής
439 2076 560 2151 πόλεως
589 2073 664 2164 τούς
685 2069 773 2155 τότε,
793 2077 868 2152 τούς
893 2069 1022 2157 όμνους,
1044 2076 1101 2150 τὰς
1124 2083 1206 2157 λαμ·

102 2167 240 2259 πόδας,
253 2179 312 2254 τοὶς
331 2179 541 2268 ψαλμῳδίας,
563 2177 619 2253 τός
640 2177 731 2276 οπρὸς
760 2177 917 2262 α’λλήλους
947 2175 1132 2259 συμπλοκαῖς
1154 2182 1210 2244 καί

105 2281 262 2363 θρήνους,
294 2280 481 2364 παμπληθεῖ
511 2283 731 2360 κοπτομένων,
763 2276 934 2344 κλαιόντων
965 2277 1128 2366 α’ρχόντων
1157 2283 1210 2345 καί

63 2379 313 2464 θθόρχομένων,
334 2383 557 2463 πρεσβυτέρων
589 2379 645 2444 καί
663 2384 760 2461 νέων,
793 2385 952 2445 πλουσίων
982 2386 1036 2446 καί
1055 2381 1209 2466 πενήτων,

105 2480 225 2564 νηπίων
243 2483 298 2548 καί
314 2477 478 2566 γερόντων.
500 2477 665 2562 θάψοντες
688 2471 744 2544 aiv
766 2477 864 2564 ου’τήν
888 2483 1032 2564 ἐντίμως,
1053 2481 1210 2546 καίνππνε

105 2583 213 2663 μυχοῖς
230 2579 331 2649 πολλοὶ
352 2578 480 2665 ,δάκρυα
500 2582 732 2664 καταχέαντες,
754 2581 845 2664 μόλις
864 2585 940 2648 ποτὲ
961 2585 1128 2647 πείθονται
1148 2585 1207 2646 τοῦ

106 2678 215 2768 τάφου
239 2682 428 2769 α’ποστήναι.

105 2937 251 3008 piscopum
268 2935 353 3004 magis
373 2951 454 3005 qnam
480 2952 571 2988 omnes
597 2935 729 3004 diligebat
753 2944 782 2989 et
806 2937 927 3000 amabat,
952 2945 980 2990 et
1005 2937 1210 2993 libenterxeum

106 3007 254 3072 audiebat,
277 3017 305 3059 et
330 3006 364 3058 nd
384 3009 523 3060 eonsilium
553 3025 630 3058 suurn
649 3007 816 3072 advocabat,
836 3018 940 3062 ceteros
963 3019 1052 3062 sutem
1072 3013 1210 3084 principes

107 3081 218 3132 consilii
239 3081 279 3130 sui
310 3080 481 3146 elegitviros
503 3079 650 3148 prudentes
679 3090 706 3132 et
723 3099 756 3134 ex
774 3081 1079 3150 nobilium'generibus.
1127 3093 1210 3154 etque

105 3153 161 3203 hoc
181 3150 292 3222 quidem
312 3151 394 3202 modo
412 3153 441 3202 in
459 3151 534 3202 firma
549 3153 745 3224 tranquillitate
766 3153 898 3206 loanninn
919 3172 968 3224 per
988 3167 1210 3228 annos'quetuor

101 3223 245 3274 'manebat
1076 3257 1077 3260 =
1183 3261 1186 3273 ι

132 3319 134 3326 >
209 3296 288 3346 Anno
306 3283 385 3356 6903,
406 3293 562 3348 indictionis
580 3296 606 3359 3,
630 3296 675 3347 die
693 3295 729 3348 28
747 3298 846 3348 mensis
864 3297 1031 3361 Decembris,
1049 3317 1077 3368 p.
1099 3298 1160 3350 Chr.
1180 3317 1209 3354 ιι.

109 3365 320 3428 1395‚'‹10mina
341 3366 422 3428 bona,
440 3369 532 3434 regina
551 3367 630 3419 beate
650 3377 676 3419 et
691 3369 819 3438 piissime,
839 3370 967 3434 Angelica
986 3370 1143 3438 imperatrix
1163 3371 1211 3420 Pn-

107 3439 234 3506 lneologn
249 3445 354 3488 terreno
368 3454 449 3506 regno
464 3455 573 3504 regnum
585 3439 703 3491 coeleste
721 3439 849 3502 mutavit,
871 3447 899 3490 et
917 3457 977 3490 cum
995 3443 1164 3508 poenitentia
1183 3451 1211 3494 et

107 3510 281 3560 confessione
305 3525 379 3560 secra
411 3519 438 3562 et
457 3510 574 3562 lacrimis
600 3511 694 3562 calidis
715 3512 742 3562 in
770 3526 834 3580 pace
855 3519 1027 3562 mortuaest.
1065 3512 1128 3562 urbs
1146 3527 1223 3575 vero

106 3581 242 3632 loannins
270 3589 300 3632 nt
328 3580 357 3630 in
376 3583 512 3636 communi
531 3583 603 3634 malo
624 3581 771 3652 trepidans,
788 3598 866 3633 verne
886 3583 1011 3634 dominae
1038 3600 1103 3634 suae
1121 3584 1210 3636 inetu-

109 3671 166 3703 rnm
187 3653 280 3721 quiete
292 3651 363 3702 ferre
376 3670 429 3703 non
450 3663 565 3723 poterat,
585 3654 633 3706 sed
652 3656 732 3723 enimi
747 3654 899 3706 deiectione
920 3655 1072 3716 tenebatur,
1096 3663 1123 3706 et
1142 3672 1211 3723 que-

108 3725 171 3775 relis
192 3725 284 3776 multis
304 3731 331 3774 et
350 3725 452 3776 miseris
467 3725 634 3794 affligebatur
656 3736 683 3778 et
700 3726 909 3788 lamentabatur,
928 3735 956 3778 et
974 3729 1098 3778 emittere
1116 3743 1209 3779 omnes

107 3797 212 3846 animas
231 3811 292 3848 suns
315 3811 374 3846 eum
407 3795 517 3847 domine
545 3797 617 3848 bona
654 3799 790 3850 volebant.
838 3799 899 3868 quis
925 3800 1069 3868 plangores
1101 3815 1209 3850 narrare

62 3923 67 3934 ,
107 3859 208 3934 ροευίῑ,
225 3867 273 3936 qni
292 3874 349 3918 turn
370 3867 471 3918 fiebant
489 3869 517 3920 in
537 3868 613 3932 urbe,
633 3871 748 3921 earmina
771 3869 914 3937 lugubris,
936 3871 1016 3934 faces,
1036 3869 1208 3938 psalmodias,
1293 3874 1295 3882 '

108 3939 319 3989 lamentationes
346 3941 416 3990 inter
444 3956 471 3989 se
490 3941 648 4005 ¹coniunctos
675 3942 841 4004 incolarum,
872 3943 919 4013 qui
945 3959 996 3992 nnn
1016 3939 1209 4010 sese'plnnge·

107 4009 186 4072 bant,
204 4027 263 4060 curn
282 4009 378 4062 flerent
406 4010 542 4082 principes
569 4021 597 4064 et
617 4013 747 4078 subiecti,
765 4017 885 4066 seniores
914 4023 943 4065 et
961 4013 1092 4076 iuniores,
1111 4011 1208 4065 divites
1248 4057 1258 4074 ,

107 4089 137 4134 et
156 4097 297 4152 pauperes,
319 4082 436 4134 infantes
455 4093 483 4138 et
502 4100 578 4136 senes
590 4103 597 4150 ς
611 4102 669 4136 cum
689 4087 767 4152 igitur
785 4103 842 4138 enm
861 4087 941 4156 digne
960 4085 1157 4152 sepelivissent,
1177 4095 1207 4138 et

106 4161 258 4221 perentam
279 4163 386 4206 noctem
402 4155 525 4208 lacrimem
546 4157 643 4211 multas
664 4157 829 4224 effudissent,
849 4161 892 4214 rin
909 4155 1019 4212 tandem
1042 4155 1075 4212 iis
1093 4173 1207 4229 perine·

109 4221 198 4290 detur,
219 4232 248 4278 nt
269 4241 283 4276 ο
305 4225 410 4280 tumulo
432 4221 614 4284 abscederent.
701 4245 703 4252 ’
