2922 4824
256 243 303 318 at
696 213 898 356 'nrsronra

253 403 413 488 καμήλους
440 403 494 468 καὶ
523 398 620 487 ἄλλην
641 402 843 486 παρασκευὴν
871 400 990 484 ἱκανήν.
1041 407 1215 484 συνέλαβον
1245 404 1280 468 δὲ
1310 405 1345 468 έν

253 506 297 590 τῷ
314 501 445 591 τοιούτῳ
464 485 588 590 πολέμῳ
607 503 662 567 κατ’
672 502 727 585 την
748 509 881 584 γυναῖκα
897 505 954 566 τοῦ
976 500 1047 584 Σιὶχ
1063 495 1216 584 Ἰσμαὴλ·
1258 496 1347 584 εἶχον

208 612 243 667 ta
252 601 311 685 γὰρ
335 603 401 665 ἐκεῖ
421 601 532 666 πολλοὶ
552 601 606 666 καί
624 609 776 684 γυναῖκας
795 599 851 666 καί
867 600 999 668 παιδία,
1020 598 1114 682 ἔλαβε
1134 604 1169 664 δὲ
1192 603 1246 664 καί
1266 607 1348 664 πολ-

251 699 328 796 λούς
347 705 516 776 πλουσίους
544 704 579 766 έκ
599 706 656 766 τού
681 693 863 784 Τεβριζίοοη
893 703 948 764 καί
972 704 1149 781 μετοέιιισεν
1172 699 1289 774 αύτούς
1311 681 1348 763 έν

251 794 351 865 πόλει.
375 799 489 882 ὁμοίιος
510 799 565 864 καὶ
583 798 792 884 ἐπιστήμονας
814 798 875 863 ent
891 797 1018 865 πάντων
1038 803 1100 864 τῶν
1120 783 1238 882 τεχνῶν
1256 794 1377 884 ἤιεν-5

251 923 313 980 κεν,
335 893 448 976 ἄλλους
470 923 504 964 τε
527 897 670 974 πολλούς.
720 902 845 984 ἐποίησε
870 901 905 964 δὲ
931 898 988 984 τη“ν
1008 898 1159 984 τοιαύτην
1179 900 1265 982 νίκην
1286 922 1348 980 με.

250 998 347 1084 μύλην
366 1001 421 1064 καί
439 1001 635 1078 θαυμασίαν.

326 1093 465 1164 ’Euadne
482 1097 621 1163 natast
640 1099 741 1164 πολλοὶ
756 1103 789 1162 έν
803 1100 845 1186 τρῖ
862 1100 1072 1182 ὑποστρέφειν
1084 1095 1226 1162 ἐκεῖθεν·
1248 1095 1264 1162 ὃ
1282 1095 1348 1180 γάρ

250 1196 321 1279 Σέχ
339 1196 470 1279 'leporii
491 1189 581 1272 οὗτος
602 1195 716 1262 ἔκαυσε
737 1201 792 1262 κατ’
812 1199 947 1282 ἠφάνισε
975 1201 1038 1262 πᾶν
1057 1196 1222 1282 τρόφιμον.
1267 1192 1347 1261 ὅθεν

249 1294 331 1359 πολύ
361 1299 482 1378 πλῆθος
514 1293 713 1380 ἐτελεύτησεν
733 1299 768 1360 έκ
795 1299 854 1360 τοῦ
876 1298 992 1376 λιμοῦ,
1014 1297 1071 1360 καί
1097 1294 1206 1358 πολλοὶ
1227 1292 1261 1357 ἐν
1280 1297 1397 1359 coorto

249 1391 443 1476 μεγιστάνων
462 1392 540 1474 μετέ
566 1399 649 1476 βοοῖν
670 1388 768 1478 η’λθον
789 1398 848 1470 ἓως
865 1395 927 1460 ταῖν
941 1390 1037 1476 έριίον
1049 1389 1168 1472 aaran,
1185 1392 1230 1476 μὴ
1252 1391 1347 1474 έχον-

248 1514 301 1567 τες
324 1497 453 1578 τρέφειν
474 1492 596 1568 ἵππους.
629 1490 765 1576 ἔρριψαν
786 1497 821 1558 δέ
835 1497 890 1557 κατ’
910 1491 1007 1578 πολλοὶ
1032 1483 1076 1558 οἷν
1093 1495 1213 1558 ἐκεῖθεν
1234 1495 1347 1580 η’χμα-

247 1586 392 1674 teintona,
411 1591 455 1674 μὴ
477 1589 603 1673 ἔχοντες
624 1596 733 1677 φέρειν
757 1593 850 1657 αὐτοὶ.
892 1589 986 1656 τόσον
1004 1589 1065 1674 γὰρ
1088 1591 1301 1674 ὑπερίσχυσεν
1325 1591 1346 1653 ὅ

247 1684 341 1767 λιμὸς
363 1682 413 1752 ὅτι
433 1687 490 1766 τοὶς
509 1691 568 1780 μέν
589 1692 747 1774 καμήλους
775 1689 895 1776 ἔφαγον
916 1687 971 1756 κατ’
990 1687 1030 1754 τύ
1051 1687 1145 1754 λοιπὰ
1168 1693 1234 1768 ζῶα
1256 1684 1347 1776 cipri·

248 1811 307 1852 ναν
326 1792 453 1874 τρέφειν
472 1787 517 1872 μη
542 1789 674 1870 ἔχοντες.
1357 1822 1393 1872 15

331 1893 531 1972 Παρεγὲνετο
553 1891 588 1952 δὲ
619 1887 635 1953 o‘
656 1888 795 1955 σουλτοὶν
816 1891 952 1973 §aaran
973 1885 1097 1972 reuertit
1132 1891 1360 1973 τροπαιούχος1

246 1991 281 2054 έν
299 1981 638 2054 Κωνσταντινουπόλει.
668 1984 737 2072 ἅμα
751 1993 787 2055 δέ
803 1992 859 2056 τοῦ
879 1987 984 2053 ἐλθεῖν
1003 1990 1162 2054 α’πέκτεινε
1183 1985 1237 2054 τὸν
1257 2012 1345 2072 ynn-

246 2084 326 2168 βρὸν
349 2090 451 2151 orituri
471 2089 524 2154 τὸν
546 2093 774 2173 Σκεντερμπέῖν
796 2087 852 2154 τόν
872 2089 1049 2169 μποστανζέ
1067 2091 1275 2172 punctatum*
1288 2089 1347 2152 τον

184 2217 187 2224 ·
252 2191 493 2270 Καντιλεσκέρι,
518 2187 572 2254 τὸν
603 2189 711 2275 πρῴην
740 2191 920 2272 Νιοανζῆν,
941 2186 995 2252 τὸν
1016 2190 1267 2268 Σεϊμένμπασιν
1288 2189 1349 2251 καί

250 2279 376 2369 ἄλλους,
397 2290 451 2354 έπί
471 2285 629 2374 προφάσει
654 2285 702 2353 ὅτι
721 2291 863 2370 ε”γένοντο
886 2289 982 2372 δῆθεν
1002 2284 1100 2352 αἴτιοι
1121 2285 1175 2350 καί
1193 2288 1394 2363 insanin-20

397 2501 402 2532 r
867 2517 870 2528 .

247 2537 296 2605 alii
316 2536 378 2604 fuga
396 2537 448 2590 sibi
475 2538 589 2590 salutem
636 2547 789 2608 eperernnt.
838 2539 919 2608 potiti
944 2545 1007 2589 sunt
1025 2537 1129 2604 ingenti
1147 2551 1210 2603 geza
1227 2537 1344 2599 Tuscae,

246 2610 380 2669 tentoriis,
399 2609 517 2672 camelis,
536 2556 788 2678 impedimentorum
808 2625 903 2676 magno
923 2625 1041 2660 numero.
1079 2607 1200 2659 venitin
1218 2615 1344 2676 potesta-

247 2687 301 2730 tem
320 2697 420 2742 eornm,
440 2679 519 2732 rebus
538 2689 613 2731 tanta
632 2680 814 2750 trepidatione
834 2689 862 2732 et
872 2682 991 2732 tumultu
1003 2677 1133 2739 confusis,
1152 2679 1236 2746 ipsius
1257 2677 1355 2729 etiam-

246 2749 364 2802 lsrnaelis
384 2768 467 2803 uxor:
491 2751 571 2802 multi
596 2753 666 2803 enim
688 2769 748 2803 suas
775 2753 901 2818 coniuges
929 2768 961 2804 eu
981 2749 1149 2800 adduxerant
1180 2756 1208 2799 et
1228 2747 1342 2800 liberos.

246 2823 317 2890 capti
338 2839 447 2892 quoque
465 2839 520 2874 non
539 2825 627 2891 pauci,
645 2822 748 2874 divitiis
766 2831 794 2874 et
811 2823 908 2889 opibus
921 2821 1091 2872 abundantes
1111 2836 1126 2871 e
1144 2819 1292 2880 Trebrizio,
1312 2827 1345 2872 et

247 2892 277 2942 in
295 2893 467 2944 Constantini
492 2892 584 2944 urbem
613 2893 732 2944 deducti.
777 2894 902 2944 similiter
929 2901 957 2944 et
981 2891 1100 2943 omnium
1121 2891 1219 2940 artium
1240 2891 1343 2957 egregii

246 2963 369 3031 opifices·
384 2964 492 3032 aliaque
514 2963 659 3015 'hominnm
684 2963 829 3014 multitudo
850 2962 945 3014 eodem
966 2961 1090 3014 traducti.
1132 2976 1253 3027 magnam
1274 2955 1344 3012 haee

247 3041 301 3084 tarn
329 3034 443 3084 illustris
465 3035 576 3086 victoria
594 3035 705 3101 gloriam
725 3041 752 3084 et
771 3033 894 3084 mirabile
917 3033 998 3085 decus
1020 3033 1135 3084 Selirnaa
1154 3033 1269 3101 peperit.

300 3129 302 3137 ’
348 3119 402 3171 Sed
432 3121 503 3171 inter
530 3120 718 3172 revertendum
749 3121 824 3170 illinc
856 3121 1000 3188 plurimum
1035 3119 1200 3171 difficultatis
1234 3125 1262 3168 et
1296 3119 1344 3168 in·

183 3243 184 3247 ,
247 3189 447 3241 commodorum
466 3191 558 3241 Turcis
588 3191 723 3242 obiectum
750 3191 818 3242 fnit:
852 3190 982 3260 quicquid
1016 3193 1087 3240 enim
1118 3197 1281 3240 commeatus
1312 3197 1344 3240 et

247 3259 410 3311 cibariorum
435 3261 550 3312 inveniri
578 3263 727 3330 potuisset,
756 3261 784 3312 id
814 3277 894 3315 ornue
922 3263 978 3329 igni
1006 3260 1040 3311 ab
1059 3259 1171 3312 ismaele
1199 3258 1290 3310 datum
1311 3269 1343 3310 et

248 3330 435 3400 disperditum.
473 3331 543 3382 uude
562 3333 673 3400 plurimi
692 3333 817 3384 mortales
837 3333 906 3383 fame
925 3333 1095 3384 interierunt.
1131 3331 1211 3382 multi
1229 3346 1342 3398 quoque

248 3418 281 3452 ea
299 3399 467 3470 prirnoribus,
484 3401 614 3455 facultate
635 3403 757 3456 destituti
783 3403 941 3460 alendorum
961 3420 1106 3474 equorum,
1124 3419 1184 3454 cum
1200 3401 1286 3452 bobus
1304 3399 1343 3450 ad

247 3473 364 3524 confinia
383 3490 430 3524 sna
448 3483 590 3526 venerunt.
627 3474 675 3526 sed
701 3483 728 3526 et
755 3491 876 3542 magnam
893 3482 995 3544 partem
1014 3473 1146 3543 praedae,
1165 3471 1343 3544 quamxillinc

247 3553 398 3611 rapuerant,
420 3545 560 3606 abiecere,
590 3555 697 3614 portare
724 3562 779 3596 non
805 3545 940 3598 valentes:
967 3545 996 3599 in
1023 3552 1129 3596 tantum
1155 3543 1227 3594 enim
1255 3541 1342 3592 fernes

246 3615 397 3666 invaluerat
420 3625 451 3666 ut
468 3616 576 3668 camelis
604 3624 742 3668 vescentes
768 3626 875 3669 caetera
893 3616 1022 3670 animalia
1049 3615 1233 3676 dimitterent,
1265 3611 1343 3682 quod

245 3685 320 3736 alere
337 3685 393 3736 non
411 3694 530 3755 possent.
1336 3689 1340 3694 '

315 3770 406 3822 Rediit
430 3773 544 3823 Selimes
562 3772 663 3836 vietor,
684 3779 711 3823 et
732 3770 826 3823 urbem
851 3773 1019 3825 Constantini
1039 3771 1218 3842 triumphator
1237 3770 1343 3836 ingres·

239 3844 294 3894 'eus
311 3850 362 3893 est·
399 3844 487 3893 statim
507 3851 597 3892 autern
616 3841 650 3893 ab
671 3845 791 3910 ingressu
811 3843 922 3895 caedem
940 3845 1093 3912 principum
1115 3843 1190 3903 fecit,
1212 3841 1341 3891 occidens

227 3947 230 3959 .
247 3926 373 3977 generum
392 3911 601 3984 Scederbetum,
630 3913 870 3976 Bostatzibaesam,
893 3915 1102 3976 Cadilescerum,
1122 3915 1168 3983 qui
1187 3921 1265 3962 antea
1283 3911 1342 3962 Ne-

203 3993 206 3998 ·
247 3992 353 4035 rantzae
373 3999 469 4034 munus
490 3991 615 4050 gesserat,
635 3993 662 4036 et
689 3985 910 4048 Selmenbassam,
928 4003 1034 4036 necnon
1053 3986 1129 4035 alios.
1168 3985 1268 4034 crimen
1287 3979 1342 4031 hoc

247 4052 287 4103 eis
306 4054 452 4114 obiectum,
471 4055 543 4122 ipsos
556 4055 585 4105 in
603 4071 681 4106 causa
700 4056 783 4106 fnisse
802 4056 876 4125 quod
897 4055 969 4124 apud
984 4057 1114 4107 Amasiam
1135 4053 1245 4105 iauizari
1262 4051 1341 4102 sedi-

247 4123 352 4176 tionem
368 4127 546 4194 excitassent,
564 4125 684 4196 ipsorum
708 4127 778 4178 rnala
797 4125 939 4196 disciplina
967 4126 1065 4179 lactum
1085 4134 1116 4178 ut
1132 4125 1217 4177 iidem
1235 4123 1342 4193 impor-
