2922 4824
268 253 316 330 td
503 261 507 268 ’
714 265 911 336 Ηιετοοιλ

267 439 370 495 amre,
395 419 496 499 ζητολν
516 381 571 480 dor*
591 418 692 500 λόγοις
714 421 769 482 καί
785 416 888 500 ἔργοις
905 417 959 483 τὸν
978 412 1123 502 πόλεμον.
1177 418 1299 500 πρωίας
1321 419 1360 481 δὲ

267 519 429 600 γινομένης
448 512 641 582 συνάπτουσι
670 515 816 596 πόλεμον.
872 511 912 600 ἦν
942 519 977 580 δὲ
1011 517 1150 598 ὁγίροον
1179 520 1213 581 ἐν
1234 515 1359 605 ἁμάξῃ·

267 614 301 680 ἐκ
324 618 440 678 πολλοῦ
460 615 519 714 γάρ
541 621 595 700 ἐφ’
617 620 714 680 ἵππου
731 615 789 678 ode
812 616 950 684 ἐκάθισε.
992 619 1048 679 καί
1068 615 1181 690 νεύσας
1200 615 1281 697 μετοὶ
1304 620 1361 700 τῆς

267 715 407 800 ἁμάξης,
435 721 489 804 βίην
523 717 583 780 τῶν
601 715 814 798 γενιτζᾰριον,
837 719 1006 800 ἐπλησίασε
1028 717 1071 802 trgi
1092 713 1151 801 υἱρῖ
1172 717 1283 796 ου’τοῦ,
1304 720 1363 778 κατ’

266 819 297 880 εί
319 809 445 898 ἤθελεν,
484 817 632 898 ἐφόνευον
663 811 780 880 αύτόν·
832 815 902 879 ἀλλ’
925 815 1043 879 ε”ιλοιιιαν
1064 809 1149 899 αύτῷ
1173 817 1282 895 χώραν
1305 815 1387 882 raia

266 911 392 1000 ἔφυγεν.
435 919 489 978 καί
515 913 594 995 μετά
624 913 678 978 cdv
708 915 852 999 σφοδρὰν
880 912 1017 995 πόλεμον
1050 913 1065 980 ὃ
1094 919 1229 997 Σελίμης
1259 915 1362 1000 ἔφυγε

266 1017 322 1078 καί
346 1017 407 1076 πᾶν
427 1013 461 1077 τύ
483 1014 663 1096 στράτευμα
695 1015 795 1077 αύτού
815 1012 999 1095 διωκόμενοι
1022 1019 1076 1082 κατ’
1098 1009 1361 1093 α’ποκτεινύμενσι.

266 1114 321 1176 κατ’
344 1105 380 1195 η’ν
410 1115 488 1178 ἰδεῖν
522 1110 639 1188 αύτούς
666 1117 828 1195 μεραδίως
862 1115 1111 1196 διεσπαρμένους
1140 1118 1173 1178 ἑν
1195 1109 1282 1192 ὄρεσι
1307 1120 1365 1178 καί

266 1213 433 1296 σπηλαίοις
455 1215 509 1276 καί
529 1223 596 1287 ταῖς
617 1211 710 1288 ὀπαῖς
730 1217 784 1295 τῆς
804 1216 874 1296 γῆς,
894 1211 1034 1296 γυμνούς
1051 1213 1193 1288 ’ἀόπλους
1215 1209 1363 1290 ἀθλίους,

267 1310 323 1387 ούς
350 1308 430 1374 ὅπου
461 1309 605 1397 εύριστιον
628 1311 656 1378 οἱ
686 1313 822 1378 ἐντόπιοι
850 1311 1012 1389 ἐκλύοντες
1041 1314 1097 1378 καί
1117 1312 1205 1377 δεινοὶ
1227 1317 1362 1378 ποιοῦν·
1374 1326 1404 1378 10

267 1436 316 1488 τες
337 1403 427 1493 ἦσαν.
1427 1425 1430 1430 ’

343 1508 380 1576 Ὁ
402 1514 436 1574 dri
456 1501 594 1576 σουλτολν
606 1504 697 1589 οὗτος
707 1515 840 1598 Σελίμης
855 1513 982 1598 φεύγων
993 1519 1048 1578 καί
1061 1511 1249 1591 διωκόμενος
1268 1515 1363 1576 κατέ.

267 1633 368 1696 φύγεν
386 1613 430 1686 εἰς
452 1617 561 1692 λιμένα
574 1615 732 1696 Μηδείας,
756 1614 811 1677 καί
830 1613 935 1697 εύραλν
956 1619 1066 1677 πλοῖον
1080 1616 1175 1694 ἐπέβη
1196 1611 1284 1696 αύτῷ
1308 1611 1366 1676 καί

267 1712 451 1804 διεπέρασεν
463 1709 618 1800 ἐνΒύρνη
639 1714 716 1791 μετοὶ
730 1737 823 1778 τινοιν
836 1713 1015 1794 ἀνθρώπων
1034 1713 1143 1775 αὐτοῦ.
1167 1709 1183 1773 d
1204 1713 1239 1774 τλὲ
1258 1715 1365 1794 γέρων

268 1809 285 1872 ὅ
305 1807 456 1890 βασιλεύς
472 1807 593 1889 ἔμεινεν
614 1803 650 1874 ού
669 1810 817 1894 ἐγένετοὸ
832 1810 978 1893 πόλεμος,
1000 1812 1212 1896 α’πεκεφοὶλισε
1228 1812 1263 1874 δὲ
1279 1808 1364 1874 παν.
1375 1825 1406 1876 15

267 1933 325 1985 τας
345 1908 418 1983 τούς
442 1913 629 1995 μεγιστᾶνας
658 1914 713 1975 καί
735 1910 897 1995 πρώτους,
926 1911 982 1987 ode
1013 1914 1141 1975 ἐπίασεν
1161 1912 1196 1974 εἰι
1219 1913 1282 1974 τοῖν
1303 1913 1366 1973 τοῦ

267 2005 342 2072 υἱοῦ
362 2007 463 2072 αὑτοῦ
479 2035 482 2044 ’
496 2008 745 2092 στρατεύματος.
794 2005 864 2076 εἶτα
897 2013 1051 2093 ἐπέρασεν
1073 2008 1089 2072 ιλ
1111 2013 1245 2092 Σελίμης
1266 2005 1302 2074 ἒν
1321 2011 1365 2092 τῷ

269 2111 384 2196 Καφρῐ.
443 2110 584 2174 α’πούλεσε
616 2113 651 2174 dd
684 2111 722 2172 ού
743 2109 840 2190 μόνον
860 2109 1066 2194 παρασκευην
1088 2113 1194 2174 πᾶσαν
1212 2112 1364 2188 πολέμου,

268 2206 349 2271 ἀλλὰ
370 2212 425 2270 καί
443 2203 631 2290 ύνθρολπους
664 2209 719 2302 καί
746 2211 880 2275 πλούτου
911 2211 966 2274 καί
994 2209 1013 2272 ὃ
1035 2205 1075 2274 dr
1095 2203 1190 2292 εἶχεν.
1231 2211 1364 2290 εἰσῆλθε
1450 2253 1451 2288 η

268 2307 304 2372 δὲ
327 2308 383 2370 καί
418 2304 596 2390 ύγὲρωνύ
626 2307 726 2392 πατὴρ
749 2311 782 2372 ἐν
805 2309 1059 2379 Κωνσταντίνσυ.
1110 2310 1179 2374 αλλ’
1201 2302 1260 2392 ὅροι
1280 2308 1405 2378 &torino

266 2405 395 2489 βουλήν.
416 2402 484 2488 ἅμα
508 2409 563 2472 τοῦ
585 2406 690 2475 ἐλθεῖν
712 2406 767 2474 τὸν
779 2408 935 2494 αὐθέντην
950 2415 1058 2474 τοῦτον
1072 2412 1106 2476 ἐν
1128 2406 1226 2492 πόλει,
1248 2407 1363 2492 ἐποίη-

268 2691 303 2744 ad
320 2694 409 2745 locum
428 2695 555 2747 Sirtcium
573 2698 698 2761 nornine,
720 2715 795 2750 secus
812 2698 919 2750 flumen.
957 2691 1070 2750 seli'mrs
1093 2713 1108 2747 e
1127 2697 1235 2764 regione
1257 2703 1362 2745 castra-

250 2759 402 2816 'mentales
421 2774 470 2827 est,
489 2768 628 2836 pugnandi
650 2787 755 2821 causam
774 2777 802 2822 et
814 2770 903 2821 verbis
922 2777 950 2821 et
968 2768 1054 2829 sactis,
1072 2783 1212 2837 quaerens.
1249 2773 1362 2834 postero
1449 2815 1450 2818 ,

268 2835 312 2886 die
332 2853 410 2888 mene
427 2839 561 2906 praelium
592 2843 754 2909 capessunt,
783 2859 847 2892 sene.
866 2843 895 2892 in
912 2857 991 2890 curru
1013 2838 1140 2890 sedente:
1159 2855 1219 2889 nam
1242 2837 1361 2904 alougo

267 2907 320 2957 lam
340 2916 462 2976 tempore
482 2911 551 2961 nulli
571 2927 642 2980 equo
662 2913 806 2962 insederat.
852 2911 892 2962 ibi
914 2911 1058 2963 fortissime
1077 2909 1265 2960 dimicantibus
1286 2908 1361 2958 iani·

267 2978 334 3028 uaris
354 2997 457 3030 currum
484 2981 520 3030 ‘ad
551 2997 636 3052 usque
664 2983 750 3032 lilium
776 2981 883 3049 adegit3
911 2983 957 3050 qui
980 2990 1007 3031 et
1026 2980 1184 3032 interfectus
1211 2979 1317 3039 luisset,
1338 2979 1362 3028 si

255 3057 344 3117 ,pater
362 3044 499 3100 voluisset}
535 3069 626 3102 verum
646 3051 690 3102 hic
717 3055 741 3103 ei
760 3054 876 3120 epatium
895 3051 1038 3118 effugiendi
1065 3049 1149 3110 dedit.
1186 3051 1278 3118 itaque
1296 3057 1363 3116 post

267 3127 371 3170 tanturn
390 3136 496 3188 pugnae
515 3120 647 3172 servorem
671 3122 758 3190 sugam
780 3123 891 3174 Selimes
910 3124 991 3183 iniit,
1011 3137 1158 3190 omnesque
1176 3121 1270 3189 copiae
1290 3121 1363 3179 eius,

266 3190 368 3239 victore
386 3191 504 3240 exercitu
536 3192 697 3262 insequente
725 3201 753 3244 et
773 3193 933 3260 fugientium
961 3201 1035 3260 terga
1063 3192 1202 3244 caedente.
1248 3189 1292 3240 hic
1313 3207 1363 3240 eos

268 3267 326 3309 erat
348 3276 457 3310 cernere
476 3261 648 3313 multifariam
667 3264 802 3330 dispersos
821 3273 849 3316 et
869 3265 1002 3333 palantes3
1032 3265 1060 3314 in
1078 3262 1226 3321 montibus,
1246 3263 1274 3311 iu
1292 3277 1361 3328 spe·

268 3327 362 3390 cubos,
384 3331 411 3380 in
431 3333 550 3383 cavernis
580 3351 638 3386 sese
663 3335 808 3394 abdentes,
828 3334 925 3397 nudos,
943 3335 1066 3395 inermes,
1087 3332 1207 3401 perditos
1228 3340 1256 3383 et
1274 3332 1362 3382 inise-

269 3416 320 3450 rot·
357 3417 424 3521 (papa
444 3401 598 3473 ubicunque
619 3404 862 3476 deprehenderent,
882 3406 1039 3476 spoliabant
1057 3405 1211 3482 indigenae,
1230 3403 1361 3472 varieque

269 3487 389 3524 excrucra
412 3481 466 3524 snt.

339 3557 395 3608 Nec
413 3558 520 3612 destitit
546 3558 637 3628 fugere
657 3561 788 3623 Selinos,
813 3560 892 3613 hoste
919 3579 1002 3631 usque
1019 3561 1198 3629 insequente,
1217 3558 1304 3609 donec
1324 3558 1363 3608 ad
1448 3593 1449 3626 3

269 3635 378 3697 portum
397 3629 510 3682 Medeae
528 3633 661 3698 pervenit.
697 3633 743 3682 ubi
761 3633 850 3684 narina
870 3641 963 3684 nactus
983 3630 1150 3691 conscendit,
1170 3638 1198 3682 et
1216 3631 1362 3697 aliquanto
1448 3627 1449 3660 3

269 3716 376 3750 snorum
395 3717 505 3751 numero
532 3703 675 3754 comitatus
695 3702 809 3754 Varnnm
837 3705 950 3755 traiecit.
986 3719 1079 3754 senex
1097 3701 1281 3769 autem,ipse
1302 3717 1362 3762 rex,
1448 3707 1449 3711 ’

269 3770 366 3820 mansit
384 3771 411 3820 in
430 3770 491 3820 loco
519 3770 564 3820 ubi
583 3773 907 3841 praeliumscommiesum
926 3774 1022 3825 suerat.
1066 3781 1200 3824 caeterum
1220 3785 1363 3839 quoscun-

244 3857 323 3910 «σου
339 3841 372 3890 de
395 3841 443 3890 lilii
464 3842 582 3892 exercitu
611 3859 736 3912 proceres
765 3847 960 3914 primariosque
987 3845 1057 3894 viros
1084 3843 1170 3911 cepit,
1197 3858 1243 3893 eos
1264 3857 1363 3891 omues

270 3911 423 3962 decollavit.
441 3935 444 3940 ·
460 3912 566 3962 traiecit
583 3924 646 3982 poet
669 3913 737 3964 haec
755 3915 867 3966 Selimes
889 3915 1025 3985 capham,
1055 3915 1153 3966 amisso
1176 3929 1232 3962 non
1253 3918 1363 3966 tantum

269 3982 341 4032 omni
361 3981 459 4033 bellico
477 3991 624 4052 apparatu,
652 3984 700 4035 sed
718 3985 804 4037 milite
825 3986 920 4047 etiam,
942 3986 1037 4054 opibus
1058 3993 1086 4036 et
1103 3981 1232 4053 quicquid
1253 3981 1363 4034 habuc·
1447 4045 1448 4054 η

271 4060 319 4100 rat.
355 4061 430 4120 pnter
448 4053 560 4106 victoria
581 4054 691 4106 obtenta
710 4055 808 4125 cpolin
826 4056 917 4108 rediit.
954 4055 1081 4112 sedecce
1099 4055 1144 4105 dei
1162 4053 1306 4104 consilium
1326 4068 1362 4102 eo

269 4121 329 4190 ipso
348 4131 539 4195 temporeque
558 4141 603 4178 rex
625 4127 682 4182 iste,
695 4127 723 4178 in
743 4127 837 4179 urbem
856 4127 966 4190 revenit,
985 4126 1095 4179 ianizarl
1114 4123 1256 4177 consilium
1272 4138 1361 4192 cepe·
1447 4127 1448 4132 ’
