2954 4816
538 294 855 370 etrnrtncrncs.
1008 267 1014 275 ¹
1087 301 1090 316 ·
1144 297 1214 366 183

115 453 199 530 ρὲων
221 444 411 529 παραλόγως
433 453 601 531 ποιοῦντα,
635 458 691 515 καί
717 447 814 526 αὖθις
844 454 1084 537 συγχωρήσας,
1104 459 1161 518 τοῦ
1183 480 1216 520 τε

115 543 242 628 δηλαδή
260 545 415 626 Καβοὶλας
427 549 597 631 Νεοφότου
618 551 712 636 (μετὰ
731 556 785 614 τοῦ
803 557 1110 633 συγκαθαιρεθὲντος
1133 556 1218 639 αὐτῷ

116 649 211 706 nansi
237 645 403 726 Κλονόρη,
424 647 561 725 λαβόντα
585 652 717 728 δι’γαμσν
744 661 877 729 γυναῖκα
900 653 931 712 ἐν
952 655 988 736 τῇ
1011 647 1143 736 Θόσσιρ)
1165 655 1220 714 καί

115 747 176 804 τοῦ
199 745 391 818 Ἐλασσιόνος
415 749 444 808 Γ
442 744 591 827 ρηγορίοο
627 747 681 809 καί
710 753 766 811 τοῦ
789 753 1016 829 Περιθεωρίυυ
1047 755 1218 814 Δοσιθέου.

93 841 272 914 διόσαότως
294 845 329 904 δὲ
345 847 400 906 καί
420 849 609 925 παρευυρίας
631 847 776 920 πλείστας
804 848 1043 929 χειροτονήσας,
1074 845 1106 910 ἔν
1128 873 1160 911 τε
1182 851 1220 934 τῇ

117 944 259 1028 ἐπαρχίᾳ
278 945 335 1004 τοῦ
357 939 561 1026 Χαλκηδόνος
584 950 638 1006 καί
660 951 717 1008 τοῦ
737 947 927 1028 Ἡρακλείας
948 946 1002 1008 καί
1020 949 1076 1010 τοῦ
1092 948 1218 1009 Θεσσα.

117 1040 244 1122 λονίκης
266 1045 366 1124 κυρσῦ
379 1043 491 1106 Θεωνᾶ
515 1044 570 1105 καί
590 1045 646 1105 τοῦ
665 1043 856 1127 Μεθόμνης.
900 1043 980 1110 α’λλοὶ
1004 1045 1042 1127 δή
1067 1046 1120 1108 καί
1142 1046 1217 1109 cido.

118 1137 294 1219 κιμόστους
315 1137 547 1224 χειροτονήσας
569 1141 624 1204 καί
654 1135 751 1216 ἄλλας
773 1147 919 1218 πλείστας
946 1148 1131 1227 κατηγορίας
1154 1170 1220 1229 φα.
1297 1169 1303 1180 ·

120 1235 234 1318 νερός,
265 1242 320 1308 καί
346 1243 632 1322 μεμαρτυρημένοις
663 1242 708 1304 δέ.
751 1239 868 1314 ἰδόντες
891 1234 948 1304 σόν
971 1240 1081 1324 ἡμεῖς,
1103 1242 1216 1325 ἵναμή
1303 1299 1308 1308 .

83 1339 174 1397 10καί
193 1336 288 1399 αότοί
308 1342 496 1419 καθαιρέσει
518 1341 573 1400 καί
593 1345 636 1424 τῷ
659 1335 745 1423 αὐτῷ
764 1341 945 1419 α’ναθὲματι
967 1334 1050 1419 ιδμεν
1073 1341 1218 1404 ὑπόδικοι

121 1435 162 1507 ὡς
184 1439 465 1516 συγκοινωνοῦυτες
486 1445 528 1521 τῷ
549 1435 755 1524 α’κοινωνήτῳ,
780 1431 839 1522 ήδη
864 1440 959 1502 αότόν
983 1439 1109 1518 οίνόξιον
1131 1443 1219 1521 ἐκρί-

119 1557 219 1611 ναμεν
239 1537 295 1615 τής
318 1534 554 1616 ἀρχιερωσύνης
576 1536 618 1610 ὡς
639 1538 828 1617 τιρωταίτιον
851 1541 905 1618 τῆς
921 1540 1134 1622 παραβάσεως
1156 1540 1219 1604 τῶν

118 1636 217 1694 θείων
247 1633 301 1695 καί
330 1633 425 1714 ἱερῶν
447 1632 603 1713 κανόνων,
631 1635 685 1697 καί
717 1640 956 1719 καθαιροόμεν,
988 1640 1042 1699 καί
1062 1635 1218 1702 ε”κνιτωτον

119 1735 175 1793 καί
197 1733 491 1814 ἄπηλλοτριωμένον
525 1730 639 1814 ἔχομεν
671 1732 768 1796 αιίτόν
798 1733 854 1796 καί
880 1737 934 1816 τῆς
963 1735 1052 1811 ιίξίας
1078 1739 1134 1798 τοῦ
1154 1763 1218 1798 πα-

80 1829 277 1911 15τριάρχυυ
299 1832 355 1892 καί
375 1833 432 1892 τοῦ
454 1831 618 1910 ὀνόματος,
642 1829 721 1922 ὥστε
743 1831 786 1912 μή
811 1833 970 1894 δύνασθαι
994 1831 1073 1896 κατὰ
1095 1836 1277 1916 μηδένα172

116 1929 233 2009 τρόπον
253 1933 310 1992 τοῦ
329 1932 442 1991 λοιποῦ
465 1932 682 2010 ἀναλαβέσθαι
705 1923 722 2012 'i
742 1928 795 1994 τόν
809 1929 923 2011 θρόνον
947 1929 1002 1993 τόν
1022 1955 1218 2014 πατριαρχι-

116 2025 172 2088 κόν
196 2023 216 2109 ἢ
239 2025 271 2090 τό
296 2027 407 2090 τούτου
425 2027 646 2111 λειτούργημα,
670 2025 752 2091 ἀλλὰ
776 2027 829 2091 καί
847 2025 942 2107 μόνον
955 2023 1032 2092 κοιτό
1056 2031 1217 2110 μοναχούς

116 2129 185 2208 ζήν.
229 2122 304 2188 ὅθεν
324 2124 380 2188 καί
402 2129 446 2199 είς
469 2127 524 2209 τήν
546 2129 621 2209 περί
651 2125 768 2191 τούτων
800 2125 936 2210 δήλωσιν
962 2131 1018 2191 καί
1039 2128 1218 2212 ἀσφάλειαν

117 2229 242 2306 ἐγένετο
264 2229 318 2289 καί
341 2221 359 2308 ή
383 2225 523 2308 ήμετίρα
553 2225 702 2307 συνοδική
726 2226 904 2311 α’πόφασις,
928 2219 1137 2310 προκειμένου
1160 2231 1218 2292 τοῦ

75 2329 211 2388 λθθείυυ
235 2313 425 2408 εὐαγγελίου,
451 2329 504 2386 καί
523 2327 706 2409 ἀφορισμσῦ
720 2325 873 2408 πρότερον
894 2327 1140 2411 ἐκφωνηθέντος.
1184 2331 1218 2392 ἐν
1295 2409 1297 2415 λ

117 2421 182 2514 ἔτει
214 2418 496 2512 ἓπτακισχιλιοστηῖ
528 2421 748 2512 ἑβδομηκοστῷ
772 2425 866 2512 τρίτῳ
883 2475 891 2505 ,
911 2428 990 2508 μηνί
1008 2427 1216 2514 Ἰαννουαρίῳ,

118 2525 316 2598 ι’νδικτιιόνος
337 2519 459 2607 όγδόης.

118 2742 225 2792 tionem
246 2739 367 2802 faciens,
387 2749 414 2790 et
435 2740 580 2790 eorundem
609 2739 809 2798 restitutiones,
832 2737 960 2790 videlicet
978 2737 1116 2806 Neophyti
1143 2738 1216 2806 apud

117 2810 259 2870 Cabalam,
278 2827 336 2860 cum
356 2827 409 2880 quo
433 2812 511 2860 etiam
532 2811 697 2859 sacerdotem
709 2810 856 2869 Clouaraur,
876 2811 923 2876 qui
942 2809 1081 2858 mulierem
1100 2807 1141 2856 bis
1162 2826 1215 2858 nu-

116 2891 192 2950 ptum
214 2883 241 2928 in
262 2879 353 2930 Thaso
375 2881 496 2940 duxerat,
517 2880 631 2941 deiecit,
651 2888 679 2930 et
694 2879 817 2946 Gregorii
838 2878 910 2948 apud
928 2880 1095 2940 Elassouem‚
1112 2886 1140 2928 et
1161 2879 1216 2930 llo·

116 2951 201 3002 sithei
222 2951 293 3018 apud
316 2953 532 3011 Peritheorium,
552 2951 710 3000 antistitum.
758 2947 851 2998 eodem
878 2948 956 2998 niodo
978 2950 1122 3000 multarum
1141 2956 1215 2998 extra

116 3023 255 3089 legitimos
276 3023 341 3072 fines
361 3022 560 3071 ordinationum
582 3023 710 3070 factarum
731 3030 882 3086 cotapertus
903 3028 957 3079 est,
980 3027 1035 3070 tum
1055 3020 1083 3068 in
1102 3017 1215 3069 Chalce-

116 3093 257 3149 donensis,
275 3100 330 3142 turn
350 3092 377 3142 in
392 3091 584 3161 Heracleensis,
604 3099 659 3141 tum
679 3093 707 3141 in
726 3090 976 3141 Thessalonicensis
994 3091 1136 3149 Theonoe,
1159 3097 1215 3139 tum
1275 3088 1276 3092 ’

115 3165 143 3212 iu
166 3163 348 3228 Methymnaei
372 3164 524 3230 praesulum
545 3163 690 3230 provinciis
748 3162 794 3211 sed
818 3170 845 3211 et
863 3165 926 3210 citra
945 3178 1055 3211 eramen
1076 3160 1215 3228 probatio-

115 3250 237 3300 nemque
257 3233 387 3297 t'actnum
418 3231 629 3284 ordinationum.
676 3249 746 3300 quae
772 3235 956 3282 accusationes
981 3233 1065 3299 ipsius
1093 3231 1215 3298 plirrimis
1273 3227 1276 3232 ’

115 3305 179 3372 aliis
201 3303 354 3353 criminibus
384 3304 536 3354 cumulatae
569 3311 649 3361 sunt,
671 3302 925 3370 iisque-mauisestis
948 3310 975 3352 et
998 3303 1110 3352 testatis.
1148 3300 1215 3351 haec

117 3375 214 3440 itaque
234 3390 292 3422 carm
312 3391 360 3424 nos
381 3389 560 3436 cerneremus,
580 3381 731 3422 metuentes
753 3387 786 3419 ne
801 3379 828 3420 et
841 3387 889 3420 uos
910 3371 1055 3422 deiectioni
1078 3379 1106 3421 et
1125 3371 1214 3421 eidem

114 3443 283 3493 anathemati
303 3444 414 3494 obnoxii
437 3444 561 3494 fieremus
580 3452 707 3510 tanquam
735 3441 961 3492 communicantes
983 3459 1040 3490 cum
1061 3442 1214 3490 iucommu-

113 3514 239 3574 sicat-siti,
260 3515 310 3562 iam
330 3515 417 3582 ipsum
437 3515 593 3581 pontificatu
613 3512 753 3580 indignum
773 3511 949 3560 iudicavimus
972 3519 1002 3561 ut
1022 3511 1135 3578 primum
1156 3512 1215 3562 vio-

113 3584 228 3635 lationis
251 3583 402 3634 divinorum
417 3594 443 3634 et
461 3601 595 3634 sac-rorum
608 3601 741 3634 canonum
755 3591 906 3642 auctorem,
928 3590 955 3632 et
968 3581 1108 3631 deiicimus
1127 3581 1214 3649 ipsum

113 3672 146 3704 ac
167 3669 217 3722 pro
238 3655 324 3706 eiecto
344 3654 539 3706 etabaiienato
560 3653 693 3704 hahemus
713 3663 796 3704 tuma
815 3653 947 3718 dignitate
968 3651 1133 3720 patriarchae
1155 3661 1213 3702 tum

113 3743 129 3774 a
148 3725 281 3785 nomine,
312 3726 350 3776 ita
370 3733 400 3775 ut
420 3727 497 3776 nullo
519 3725 598 3776 modo
619 3725 647 3774 in
667 3735 803 3793 posterum
826 3741 876 3774 uec
894 3723 927 3774 ad
946 3722 1072 3774 thronum
1096 3723 1211 3789 patriar·

113 3795 223 3847 ehicum
242 3811 292 3844 nec
310 3795 344 3845 ad
372 3797 429 3846 eius
459 3795 718 3846 administrationem
748 3794 916 3863 postliminio
939 3794 1025 3845 redire
1046 3799 1146 3862 possit,
1166 3791 1222 3856 sed¹

113 3865 304 3916 tautummodo
325 3867 497 3934 monasticam
518 3868 598 3916 vitam
612 3865 717 3932 degere.
734 3865 804 3915 trude
819 3873 846 3914 et
857 3866 964 3916 maioris
979 3865 1073 3915 horum
1093 3863 1213 3913 omnium

112 3937 232 3986 notitiae
251 3953 282 3985 ac
302 3939 471 3986 certitudinis
492 3953 570 3986 carisa
589 3937 645 3985 luta
664 3951 774 4004 qnoque
793 3943 932 3985 estnostru
953 3935 1077 4002 synodica
1100 3942 1212 3984 senten·

113 4008 162 4066 tia,
183 4007 322 4074 proposito
343 4017 406 4058 ante
426 4009 518 4058 oculos
539 4023 673 4057 sacrorum
695 4006 892 4071 evangeliorum
909 4007 989 4067 libro,
1010 4013 1036 4056 et
1056 4011 1212 4057 excommu-

112 4077 252 4126 nicatione
270 4086 348 4128 autea
367 4079 550 4146 pronuntiata.
587 4085 676 4127 actum
696 4092 766 4126 auno
786 4078 885 4142 septies
902 4076 1044 4128 millesimo
1065 4082 1211 4144 septuage-

114 4149 182 4198 simo
204 4148 294 4210 tertio,
317 4165 408 4200 mense
426 4149 560 4210 ianuario,
580 4147 728 4198 indictione
748 4155 849 4197 octava.
