2922 4824
272 148 278 174 l

260 265 309 360 eo
721 223 916 345 ursrouu

345 421 466 486 Λοιπὸν
497 423 527 488 οῖ
555 428 697 509 τιληρικοί
729 425 809 490 κατὰ
843 424 898 490 τὸν
927 422 1058 508 ὁρισμὸν
1090 427 1149 490 τοῦ
1180 424 1355 492 οονλτιὶνον

263 515 587 604 induatur-respexeris
605 525 680 598 τούς
700 525 830 608 πλησίον
853 525 1022 608 α’ρχιερεΐς.
1069 525 1123 590 καί
1141 527 1278 590 aaronica
1299 549 1356 607 γι-

217 653 221 685 t
261 621 394 701 νομένης
414 617 541 699 ι”κλιξαν
563 618 627 688 ὅλοι
649 621 825 709 ὁμοφώνως
851 621 906 692 τὰν
923 625 1110 710 σοφώτατον
1131 621 1223 704 κύριν
1244 628 1274 688 Γ
1271 625 1355 709 ecio.

260 740 329 800 γιον
349 719 402 782 τὸν
423 721 604 805 οχολοὶριον,
629 723 645 785 ὃ
667 719 772 798 ὁοισῑος
791 716 870 806 ηἰον
890 722 998 807 κριτὴς
1022 727 1078 805 τῆς
1098 728 1264 809 βασιλικῆς
1286 728 1356 809 uol-

261 841 340 892 οεοις
356 823 403 894 εἰς
422 818 479 895 τὰς
499 823 622 905 ἡμέρας
649 828 713 890 τῶν
732 827 888 904 βασιλέοιν
919 827 983 890 τῶν
1001 820 1182 906 Ῥωμαίων,
1200 824 1257 892 κατ’
1276 820 1384 891 isara

201 916 376 1000 λθὸὑοῇγιν
405 918 422 982 ὅ
452 919 606 1001 βασιλιῦς
629 916 778 1008 Ἰωάννης
798 922 814 987 ὁ
836 924 1058 1005 Παλαισλόγσς
1089 927 1133 998 εἰς
1155 922 1214 1006 την
1240 928 1356 1008 Φρασ-

257 1020 341 1100 γιάν,
361 1017 440 1082 inuri
461 1017 582 1100 ἔκαμον
603 1021 661 1106 την
683 1023 794 1107 ὀγδόην
820 1023 975 1102 σύνοδον,
996 1021 1092 1108 ἑοῆρί
1115 1021 1170 1087 καί
1191 1021 1289 1088 αὐτὸν
1310 1023 1357 1100 οἷς

257 1117 452 1199 σοφώτατον.
499 1111 575 1200 ἦτον
605 1123 640 1188 δὲ
676 1117 796 1201 ἄνδρας
824 1120 995 1205 ἁγιώταιος
1029 1123 1084 1186 καί
1115 1123 1355 1203 εὐλαβέοτατος.

212 1241 220 1269 ⁰
257 1211 313 1280 καὶ
331 1217 374 1291 ὥς
397 1213 518 1282 ilonea
540 1220 639 1288 uitari
656 1222 690 1286 τὸ
711 1223 825 1305 μικρὸν
841 1221 973 1308 μήνυμα
997 1222 1050 1286 διὰ
1074 1221 1111 1288 aci
1136 1220 1192 1286 τὸν
1213 1222 1355 1302 ἑκάμοον

258 1320 480 1401 ποιριοὶρχην,
506 1319 633 1399 τελείους
663 1326 717 1389 tta
751 1315 845 1405 ἤθελε
871 1321 911 1388 vt
943 1321 976 1386 τὸ
997 1322 1135 1408 οἰκούσῃ,
1157 1325 1232 1386 ον’δὲ
1255 1319 1293 1386 ut
1317 1317 1355 1389 τὸ
1367 1329 1401 1382 10

258 1419 381 1502 στέρξῃ,
404 1416 456 1480 διὰ
480 1419 517 1482 vei
540 1424 611 1507 γένῃ
629 1423 839 1506 πατριάρχης.
862 1419 892 1486 οἱ
914 1424 950 1486 δὲ
971 1423 1131 1504 α’ρχιιριῑς
1155 1419 1210 1486 κατ’
1229 1417 1259 1486 οἱ
1278 1425 1355 1503 utq-

260 1520 352 1597 ρηκοί
379 1520 433 1580 κατ’
461 1517 478 1582 ὁ
506 1518 584 1593 λαὸς
610 1515 681 1596 ὅλος
711 1525 768 1588 καί
799 1525 954 1596 στανιιὶοἷς
978 1517 1081 1584 nitori
1108 1518 1229 1601 ἔταμον
1251 1517 1356 1584 ουἰὀν

259 1611 468 1699 πατριάρχην,
492 1617 648 1694 δώσοντες
667 1619 772 1684 αὐτοῦ
789 1623 845 1684 καί
858 1618 893 1684 τὸ
915 1622 996 1702 μέγα
1012 1617 1150 1703 μηννμα.
1192 1616 1355 1703 ἐχειροτό-

177 1769 180 1777 .
260 1735 353 1794 νηοεν
374 1713 473 1778 ονίὸν
493 1713 710 1800 ὁἩρακλιιάς
728 1717 808 1796 μετὰ
832 1722 887 1784 καί
908 1712 1011 1786 ἄλλων
1033 1721 1156 1783 πολλῶν
1174 1717 1356 1799 ἀρχιερέων

259 1812 294 1874 ἐν
314 1812 357 1899 τῷ
378 1815 444 1900 ναῷ
463 1817 525 1878 τῶν
537 1815 635 1896 ἁγίων
653 1813 844 1899 ἀποστόλων,
866 1816 944 1887 ioci
965 1815 1065 1884 ἔκτισε
1081 1815 1271 1898 Θεοδώραῆ
1294 1817 1354 1895 βα·
1365 1828 1399 1880 15

258 1911 433 1997 σι’λισσα,ἤ
457 1913 608 1996 ἆμόζογσς
630 1919 690 1980 τοῦ
709 1915 848 1998 μεγάλου
865 1917 1090 1984 Ἰονστινιανοῦ
1109 1919 1168 1980 τοῦ
1186 1914 1355 1996 βασιλέως,

258 2008 315 2074 καὶ
335 2013 367 2076 Γ
364 2009 504 2078 ιννοὶδιον
521 2013 575 2080 τὸν
597 2015 777 2098 ω’νόμασαν.

371 2216 402 2276 Γ
400 2217 634 2280 ΕΝΝΑΔΙΟΣ
657 2217 684 2280 Ο
704 2217 972 2306 ΣΧΟΛΑΡΙΟΣ
998 2209 1014 2278 ὅ
1034 2215 1229 2302 σοφώτατος.

346 2387 462 2460 Τοῦτός
481 2383 563 2470 ἔγινε
585 2392 710 2472 πρῶτος
731 2365 931 2474 πατριάρχης
952 2388 996 2464 εἷς
1012 2384 1068 2474 τήν
1090 2368 1353 2456 Ιῖωνστανιινού-

330 2637 445 2706 Accepta
472 2638 553 2704 igitur
584 2638 633 2688 hac
652 2638 781 2690 facultate
799 2639 889 2690 clerici
916 2636 1094 2688 demandato
1115 2638 1184 2702 regis
1205 2651 1353 2702 cougrega-

260 2716 325 2760 runt
344 2717 430 2760 certos
450 2708 597 2778 quosdam,
627 2713 671 2780 qui
691 2712 720 2762 in
738 2711 835 2761 vicinia
856 2719 947 2774 erant,
966 2725 1099 2760 sacrorum
1119 2708 1261 2758 antistites.
1298 2705 1353 2758 hoc

258 2778 340 2830 ιοοοΙο
363 2779 465 2846 synodo
490 2789 581 2832 coacta
605 2783 746 2849 elegerunt
772 2799 823 2832 una
852 2790 943 2831 mente
967 2788 994 2830 et
1021 2796 1087 2829 voce
1114 2777 1297 2830 doctissimum
1323 2784 1353 2830 et

258 2851 497 2920 prudentissimum
515 2853 611 2911 virum,
633 2853 776 2920 Georgium
789 2851 965 2914 scholarium,
983 2851 1028 2919 qui
1048 2857 1134 2900 stante
1155 2848 1243 2900 adhue
1261 2848 1353 2918 impe-

258 2922 300 2972 rio
318 2924 447 2984 Romano,
467 2922 613 2986 initulicio
631 2925 804 2991 imperatorio
833 2922 949 2973 irulicem
972 2929 1070 2987 egerat.
1107 2924 1138 2970 ac
1155 2935 1209 2989 quo
1227 2927 1353 2986 tempore

258 3009 305 3042 rex
323 2993 437 3043 loannes
458 2993 632 3060 palaeologus
650 2995 679 3044 iu
699 2995 803 3044 ltaliam
823 2995 958 3061 profectus
976 2993 1082 3053 fuerat,
1105 2989 1150 3040 ubi
1162 2997 1264 3040 -octava
1283 3005 1352 3054 ayn-

258 3062 327 3112 odus
364 3063 434 3114 lacta
471 3072 526 3124 cst,
564 3081 654 3114 secum
683 3065 759 3113 illum
790 3065 862 3114 inter
899 3064 966 3112 alios
999 3062 1112 3112 duxerat
1137 3069 1168 3112 ut
1196 3059 1353 3112 eruditione

258 3135 405 3200 praestanti
424 3133 583 3201 praeditum.
629 3143 685 3184 erat
703 3151 782 3201 porro
810 3133 881 3184 idem
900 3135 1001 3202 pietate
1020 3134 1217 3202 sanctitateque
1235 3131 1353 3197 insignis

259 3202 309 3250 vir.
347 3211 377 3252 ut
394 3205 743 3268 autem'siguificatiouem,
765 3206 834 3254 sicut
854 3207 882 3255 in
901 3203 1111 3273 patriarcharum
1129 3203 1265 3254 creatione
1289 3202 1351 3252 lieri

260 3271 376 3333 solebat·
395 3275 543 3335 otiantem,
564 3292 631 3343 quae
656 3277 822 3348 appellatur,
851 3277 892 3345 illi
912 3275 1065 3338 dederunt,
1086 3281 1116 3324 ut
1138 3275 1242 3324 scilicet
1259 3273 1351 3339 ipsum

260 3345 457 3398 constituerent
470 3345 655 3413 patriarcham,
677 3347 754 3398 nullo
776 3343 855 3397 morlo
876 3363 934 3396 eam
948 3345 1043 3396 audire
1063 3345 1151 3395 voluit
1168 3361 1219 3394 nec
1238 3344 1353 3412 acquie-

259 3430 334 3466 scere
352 3415 461 3466 illorum
480 3419 622 3484 suffragiis,
640 3425 671 3468 ut
689 3417 838 3484 patriarcha
858 3417 941 3468 fieret.
963 3416 1106 3486 pontifices
1126 3433 1190 3466 vero
1211 3423 1239 3465 et
1258 3414 1353 3464 clerici

259 3493 288 3537 et
305 3487 422 3555 populus
441 3495 515 3552 totus
537 3491 616 3539 etiam
636 3488 749 3538 inritum
769 3489 796 3538 et
811 3489 986 3538 reluctantem
1005 3495 1138 3546 crearunt,
1158 3485 1220 3536 data
1239 3502 1353 3554 quoque

258 3557 352 3617 altera,
374 3574 444 3625 quae
469 3561 554 3609 maior
571 3568 696 3621 vocatur,
716 3575 785 3608 suae·
802 3559 949 3610 voluntatis
976 3558 1182 3624 significatione.
1218 3555 1350 3606 ordinans

258 3628 423 3679 renuntiavit
453 3645 511 3678 eum
542 3631 689 3679 Heracleae
715 3631 845 3689 antistes,
872 3627 1059 3698 praesentibus
1086 3628 1147 3678 aliia
1173 3626 1353 3694 pontificibus

257 3699 361 3760 multia,
378 3699 406 3748 in
427 3699 528 3766 templo
548 3708 699 3750 sanctorum
720 3701 914 3768 apostolorum,
932 3697 1005 3768 quod
1024 3699 1089 3748 olim
1109 3715 1124 3747 a
1144 3697 1235 3765 regina
1254 3696 1352 3747 Theo-

259 3767 333 3832 dora,
352 3768 508 3819 Iustiniani*
524 3772 613 3838 magni
633 3772 762 3838 coniuge,
780 3767 918 3822 conditum
938 3772 1044 3836 fuerat3
1073 3771 1154 3840 eique
1174 3767 1351 3820 Gennadium

257 3839 350 3892 dixere
368 3857 477 3892 nomen.

309 4004 330 4052 l.
352 4001 582 4055 ‘PATRIARCHA
602 4002 802 4054 GENNADIUS
815 4002 1040 4066 SCHOLARIUS,
1058 4002 1100 4053 vir
1117 3999 1292 4051 doctissimus.

327 4135 378 4188 llic
399 4136 453 4190 luit
475 4139 575 4208 primus
593 4139 622 4190 in
641 4137 707 4190 urbe
735 4147 827 4190 nostra
846 4139 924 4208 Cpoli
949 4137 1106 4208 patriarcha,
1122 4145 1266 4208 postquam
1287 4134 1350 4190 eiua
