2946 4830
229 288 303 379 o'rt
394 355 396 360 .
600 295 655 375 ou
688 252 966 376 nuum-mnu

230 471 454 554 τῆςΈλαχίσς
475 469 744 552 προκατάρξαντα.
797 465 957 552 τεθνηκός
991 463 1052 548 γάρ
1083 463 1101 528 6
1125 464 1344 548 Πρέλουμπος

232 573 347 645 ε’κεῖνος
365 575 512 636 κατέλιπε
528 569 642 654 ταότην
665 567 698 634 έν
719 571 758 658 τῇ
778 572 839 634 τάν
856 565 1040 650 Τρικκάλων
1060 565 1146 630 πόλει
1169 561 1249 644 μετά
1273 563 1343 628 τεόν

232 669 328 736 υἱέων
347 665 416 746 ἑνός
432 674 490 736 τοό
510 665 641 753 όστερον
663 667 916 752 τυραννήσαντος
936 665 994 751 την
1016 663 1254 750 πολυθρόληρον
1275 663 1344 728 τοῖν

226 771 412 839 Ἰωαννόνων
444 769 558 851 πόλιν,
591 775 646 835 καί
672 767 707 835 τό
741 768 845 850 λάβδα
879 762 999 853 ταότης
1024 765 1205 852 άφελόντος,
1227 765 1281 828 καὶ
1302 766 1345 828 νῦ

233 872 304 936 άντέ
332 875 390 936 τοό
417 871 520 956 λάβδα
550 875 741 956 προσθέντος
776 871 880 957 αδτῇ·
932 865 966 934 τό
1005 867 1066 952 γάρ
1098 865 1375 950 πολυθρόλητονῦ

233 966 314 1036 εἶναι
345 968 461 1056 ταότην
485 976 540 1036 καί
556 976 708 1054 λέγεσθαι
735 969 778 1055 μη
811 969 1001 1052 ἀνεχόμενος
1026 965 1265 1051 πολυδρὴνητον
1284 987 1345 1028 πε.
1380 1023 1384 1028 .

232 1076 370 1157 ποτήκεν.
414 1070 495 1137 άλλά
526 1075 628 1137 ταῦτα
657 1075 717 1152 μὲν
740 1071 850 1155 πρόσω
879 1068 1117 1153 διηγησόμεθα·
1168 1060 1241 1150 άρτι
1263 1069 1299 1130 66
1325 1063 1343 1130 6

233 1173 324 1255 λόγος
355 1170 410 1236 τόν
421 1167 552 1254 εόρμόν
588 1174 688 1256 ἐχέτω
718 1175 773 1255 τῆς
804 1168 988 1254 διηγήσεως
1042 1168 1059 1231 6
1082 1166 1142 1251 γάρ
1162 1169 1346 1257 μακαρίτης

233 1274 349 1348 έκεῖνος
371 1272 521 1355 δεσπότης
551 1273 735 1365 Νικηφόρος
765 1267 996 1351 όΔοόκας,
984 1263 1065 1333 όνὸ.
1094 1264 1185 1350 λόγος
1208 1267 1345 1351 φθάσας

235 1365 360 1434 άνωθεν
380 1368 585 1454 ἐδήλωσεν,
570 1397 604 1436 εκ
624 1374 679 1456 τῆς
695 1372 1059 1444 Κωνοταντινουπόλεως
1081 1365 1186 1433 ε’λθοόν
1206 1369 1261 1429 καί
1278 1361 1342 1481 την
1355 1383 1398 1438 10

235 1473 403 1585 εἰρημένην
419 1468 692 1554 Πρελοόμπισσαν
713 1475 770 1555 τῆς
792 1469 980 1557 άνδρηόσς
960 1493 1063 1552 αρχης
1084 1465 1236 1551 ἐκβαλών,
1257 1461 1341 1548 πρός
1446 1545 1453 1552 ι

236 1589 294 1651 την
320 1571 383 1632 τῶν
409 1571 539 1652 Σέρβιον
570 1568 722 1651 ἐκπέμπει
753 1574 810 1654 γῆν
840 1569 901 1634 σάν
931 1571 976 1656 τῷ
1004 1568 1102 1650 αὐτῆς
1136 1562 1196 1655 υἱῷ
1218 1567 1341 1650 Θωμᾷ’
1396 1561 1404 1572 “

164 1716 166 1728 .
237 1669 362 1732 πάκεῖσε
392 1657 511 1757 tutent
538 1673 696 1751 βασιλέως
723 1671 889 1755 Στεφάνου
923 1668 983 1757 υἱῷ
1006 1669 1132 1755 Ου’ρὲοη
1165 1667 1342 1747 ἐντυχοῦσα

236 1767 450 1852 μνηστεόεταν
480 1771 555 1854 παρ’
586 1770 685 1834 ου’τοό
701 1773 747 1858 τῷ
781 1771 934 1858 εἰρημένῳ
964 1771 1156 1856 Χλαπένῳ..
1183 1759 1272 1840 οὗτος
1305 1767 1343 1828 δέ

236 1870 315 1951 μετά
337 1865 487 1955 χρόνονῆ
503 1897 555 1936 και
552 1876 679 1935 πλεῖον
701 1869 781 1936 κατά
802 1874 856 1954 τῆς
869 1871 1045 1952 ΒλαχιΗας
1030 1865 1238 1952 εκστρατεόει,
1261 1886 1344 1931 συν-
1356 1873 1400 1935 15

238 1969 430 2052 επαγόμενος
468 1977 535 2054 μετ’
568 1973 669 2037 αδτοό
702 1971 755 2036 uni
782 1973 815 2036 τό
859 1964 1004 2035 κάκιστον
1031 1973 1090 2032 ro6
1123 1964 1343 2052 Πρελοόμπου

234 2076 387 2156 γέννημα,
410 2073 455 2148 εἰς
477 2078 658 2147 νεανίσκους
679 2065 740 2156 ηδη
761 2074 887 2136 τελοῦν·
911 2071 965 2136 ἐπέ
984 2074 1023 2160 τῇ
1045 2069 1173 2157 Βλαχόρ
1193 2071 1228 2132 δὲ
1250 2069 1345 2154 φθά-

238 2195 296 2245 σας
316 2171 398 2270 μετά
418 2175 482 2238 τάν
501 2172 760 2257 στρατευμάτων,
779 2172 834 2237 κατ’
851 2170 1007 2258 φροόριον
1029 2170 1062 2236 ἓν
1075 2169 1238 2256 πολιορκίη
1256 2171 1345 2252 εἰλη-

240 2268 319 2358 φοός,
339 2261 490 2354 Δάμασον
510 2276 727 2354 καλούμενον,
755 2277 800 2350 εἰς
830 2274 1036 2357 ξομβιβάσεις
1056 2272 1135 2352 μετά
1168 2275 1227 2336 τοῦ
1247 2276 1345 2353 βασι-

239 2373 319 2447 λέως
342 2376 485 2455 χωροῦσι
507 2375 658 2454 Συμεών,
686 2379 739 2439 καὶ
761 2373 794 2438 τό
823 2375 980 2460 φροόριον
1011 2377 1103 2439 τοῦτο
1124 2376 1343 2455 παραχωροό-
1326 2381 1401 2436 -20

223 2497 299 2538 -οιν,
343 2472 358 2543 ό
382 2473 585 2557 tenacitate
605 2500 661 2558 την
684 2477 769 2573 idean
791 2479 953 2593 θυγατέρα
974 2477 1018 2551 εἰς
1036 2475 1137 2557 γάμον
1164 2477 1277 2538 δίδωσι
1298 2476 1346 2562 roi

242 2577 363 2664 Θωμᾷ
415 2577 471 2640 καί
498 2573 652 2661 νηδεοτην
682 2574 780 2640 ου’τόν
810 2572 1021 2696 πονησάμενος
1042 2574 1128 2650 ἐντός
1147 2597 1202 2656 της
1222 2575 1344 2650 πόλεως

239 2678 302 2738 τοόν
326 2677 507 2759 Τρικκάλων
530 2678 707 2762 εἰσέρχεται
731 2699 745 2738 ο
738 2671 900 2758 Θωμᾶς·
945 2672 961 2738 6
984 2679 1019 2740 66
1039 2672 1197 2757 βασιλεός
1210 2677 1256 2738 Συ
1257 2669 1347 2755 neate

241 2775 385 2860 άσμένως
407 2779 520 2842 τοῦτον
548 2773 742 2860 όποδέχετσι
760 2776 816 2842 καί
843 2776 899 2862 τὴν
920 2780 1082 2861 θυγατέρα
1104 2776 1264 2857 ἐκδίδωσι,
1284 2777 1346 2838 τοῦ

240 3067 371 3118 minatum
392 3081 450 3116 esre
472 3065 621 3116 docuimue.
658 3073 779 3116 mortuae
806 3067 878 3118 enim
899 3065 1054 3134 Prelumpur
1072 3065 1121 3116 ille
1142 3064 1255 3134 reliquit
1272 3063 1344 3116 hana

240 3139 270 3188 in
289 3137 357 3186 urbe
368 3136 491 3187 Triocala
507 3153 567 3187 oum
584 3135 704 3186 filioram
724 3153 788 3201 uno,
804 3138 851 3207 qui
871 3137 900 3187 in
921 3137 1054 3188 celebrem
1077 3136 1169 3186 urbem
1181 3138 1343 3188 loanninam

241 3213 337 3276 postea
361 3205 515 3257 dominatus
535 3207 652 3257 litteram
674 3207 780 3258 lambda
812 3210 835 3259 ei
856 3208 977 3260 detraxit
999 3209 1079 3276 eique
1101 3207 1217 3260 litteram
1238 3225 1273 3274 ny
1292 3223 1343 3276 pro

242 3275 350 3328 lambda
369 3277 488 3328 addidit.
505 3279 604 3328 etenim
636 3278 769 3329 celebrem
788 3277 1027 3349 (πολυθρύλητον)
1060 3295 1117 3330 esre
1132 3280 1215 3329 bauo
1242 3287 1270 3330 et
1287 3295 1344 3329 no·

241 3351 339 3400 minari
360 3365 417 3401 non
436 3365 536 3418 pareus,
556 3348 697 3416 lugubrem
717 3351 957 3420 (πολοθρὴνητον)
981 3353 1038 3400 ea'm
1059 3349 1186 3402 reddidit.
1207 3351 1255 3402 sed
1276 3349 1344 3400 baec

242 3421 352 3490 quidem
371 3429 466 3490 postea
485 3421 666 3487 narrabimos;
686 3439 758 3472 rruuo
777 3430 865 3472 autem
886 3423 973 3472 oratio
993 3421 1114 3471 ordinem
1134 3429 1159 3472 et
1179 3424 1275 3472 seriem
1297 3437 1343 3469 re·

242 3493 329 3544 tinent
347 3493 517 3544 narrationis.
563 3492 657 3543 beatur
683 3494 753 3542 enim
776 3493 823 3542 ille
848 3492 1169 3560 ‹lominurNicephorus
1192 3494 1287 3554 Ducat,
1308 3490 1344 3542 do

244 3581 300 3634 quo
319 3567 474 3628 narratione
494 3565 633 3633 superiore
653 3563 754 3614 dictum
776 3572 824 3628 est,
845 3562 1112 3630 acaustantiuopoli
1127 3563 1263 3632 proiectus
1282 3579 1344 3612 cum

242 3636 377 3704 Prelumpi
399 3652 508 3686 uxorem
529 3635 562 3685 de
582 3651 635 3702 qua
657 3635 780 3695 diximus,
801 3651 815 3684 e
832 3653 881 3686 νισι
901 3651 982 3701 regno
996 3635 1129 3696 eiecisset,
1149 3634 1181 3684 ad
1196 3634 1343 3686 Serborum

243 3715 340 3758 terram
363 3723 420 3756 oum
442 3705 547 3758 'lboma
570 3707 626 3756 eiuo
646 3705 701 3756 filio
722 3723 779 3756 eam
798 3707 887 3767 misit,
906 3706 1000 3774 ibique
1021 3673 1129 3756 Ureseni
1150 3706 1279 3774 Stephani
1300 3721 1345 3757 re·

243 3781 281 3846 gia
299 3778 384 3830 lilium
405 3785 499 3827 nactus
526 3779 554 3826 in
574 3779 772 3828 matrimonium
800 3795 848 3846 per
877 3793 937 3827 eum
963 3776 1101 3845 Cblapeno
1122 3775 1208 3838 datur,
1230 3773 1262 3828 de
1278 3793 1345 3849 quo

244 3850 370 3900 diximus.
408 3849 452 3898 bic
473 3855 561 3898 autem
581 3857 652 3916 post
659 3866 757 3898 annum
786 3858 841 3899 aut
853 3849 913 3916 plur
937 3849 1062 3899 adversus
1083 3814 1237 3898 Valaclri6m
1258 3838 1346 3932 proli-

244 3921 370 3982 oiacitur,
391 3936 480 3970 secum
511 3919 645 3971 adducent
674 3922 753 3972 etiam
802 3921 925 3970 essimum
947 3919 1081 3988 Prelumpi
1101 3919 1203 3983 filiurn
1224 3937 1270 3989 qur
1288 3935 1345 3971 ram

244 3991 436 4042 numerabatur
462 3991 558 4040 inter
552 4007 679 4057 triveam
699 3939 827 4042 Valaciiia
847 3999 935 4041 autem
963 3999 1098 4064 σεσαρυῖα
1123 3991 1295 4053 exercitibus,
1317 4000 1347 4042 et

244 4061 357 4112 castello
377 4079 431 4114 uno
452 4064 655 4144 oppugnatione
673 4071 761 4134 capto,
783 4063 827 4114 oui
850 4078 949 4113 nomen
976 4070 1033 4112 erat
1047 4056 1180 4123 Damasia,
1201 4079 1260 4112 cum
1281 4077 1347 4130 rege

245 4131 412 4196 Symeoue'
406 4151 433 4184 ru
454 4133 566 4216 gratiam
585 4133 716 4195 redeunt,
745 4141 772 4186 et
798 4133 938 4186 castellum
966 4132 1017 4186 hoo
1037 4135 1061 4184 ei
1091 4133 1250 4186 concedunt.
1294 4149 1348 4205 rex

246 4207 336 4301 autem
355 4201 437 4255 filiam
457 4216 531 4290 onom
551 4204 579 4255 in
598 4205 800 4257 matrimonium
820 4203 865 4259 dat
883 4203 1019 4276 'lbomae5
1037 4205 1085 4276 qui
1104 4219 1164 4258 oum
1183 4220 1243 4259 eom
1262 4198 1345 4257 νοσε-
