2954 4816
514 231 836 354 Ptrurtucurct.
1109 259 1118 278 ‘
1153 271 1222 347 147

125 429 360 510 Μονεμβασόας
381 425 608 508 α’ρχιερατιιιόν
630 426 744 508 θρόνον
763 426 830 508 ἔχει
854 431 1074 515 καθῃρημένον
1097 431 1153 496 καί
1172 455 1226 514 γε.

123 531 332 612 γυμνωμένον
354 526 456 609 πάσης
478 522 650 609 ἱερωσύνης
673 530 728 590 κατ’
748 527 975 611 ἀρχιερατικῆς
997 527 1089 606 α’ξιίις
1111 528 1145 594 τό
1166 528 1227 595 σό-

122 635 225 692 votor.
285 622 387 700 οότανς
408 627 442 688 ἐν
464 623 542 709 ἁγίῳ
565 626 814 708 α’ποφαινόμτθα
843 624 1006 704 πνεύματι.
1051 629 1172 702 πάντας
1192 631 1228 694 δὲ

125 727 205 800 τούς
225 725 415 805 όπανταχσό
436 722 680 804 εὑρισκομένους
701 723 892 806 α’ρθοόόξους
914 727 1130 807 Χριστιανοός
1152 725 1229 809 ἔχο-

99 833 186 907 uper
211 823 441 907 εόλοχημένους
462 820 518 882 κατ’
539 827 804 906 συχχιορημένους
825 825 860 888 ἐν
883 823 961 912 όχόῳ
977 823 1142 906 πνεύματι.
1164 827 1229 906 μό.

125 932 222 988 λιστα
246 925 302 1000 δέ,
337 917 430 994 όσους
453 918 468 982 ό
487 918 664 1002 κατάρατος
692 923 810 995 ἐκεῖνος
830 921 1004 1006 η’φοόρισεν,
1024 923 1044 1005 ἦ
1064 925 1230 1007 μετριότης

124 1023 220 1106 ἡμῶν
239 1023 280 1106 τῇ
301 1014 528 1106 παντοόυνόμιρ
558 1016 684 1102 ε’ξουσόρι
702 1021 761 1081 τοῦ
781 1022 873 1083 θείου
903 1024 958 1084 καί
976 1023 1156 1102 ζιοαρχινιοῦ
1175 1025 1231 1086 κατ’

125 1119 419 1202 παντοκρατορινιοό
451 1115 631 1194 πνεόματος
653 1113 721 1197 ἔχει
743 1119 971 1202 εόλοχημένους
991 1122 1045 1184 κατ’
1066 1143 1229 1202 σνχιιτχοο.

128 1222 289 1304 ρημέτονς
311 1215 366 1278 noi
386 1217 576 1295 λελυμένους
607 1213 662 1278 κατ’
679 1219 869 1300 ἐλευθέρους
891 1213 1011 1297 δεσμοῦ
1034 1240 1068 1281 τε
1089 1220 1145 1282 κατ’
1164 1221 1231 1283 ε’νο-

84 1323 120 1375 10
126 1321 200 1401 χῆς.
255 1311 356 1389 οότιος
385 1312 440 1377 καὶ
470 1311 544 1397 περὶ
563 1311 679 1378 τοότονν
711 1317 745 1378 ἐν
767 1313 845 1403 oiys'rp
868 1316 1114 1401 ἀποφαινόμεθα
1135 1316 1232 1381 πνοό.

126 1440 219 1496 μασι,
241 1404 282 1476 οὗ
307 1412 393 1476 αἰτιά
424 1409 579 1496 πρακτικὴ
616 1412 743 1490 α’μόσοος
775 1412 1014 1497 ἡπροσιιανητη
1036 1411 1233 1494 τοῦπατρὸς

127 1509 270 1594 όπόρχει
290 1509 475 1586 όπόοτασις.
525 1505 600 1574 ὅθεν
634 1519 699 1586 τοῖς
720 1511 908 1596 ἁπανταχοῦ
927 1515 1155 1596 όηλοποιοόμεν
1178 1507 1232 1597 όρ-

128 1609 277 1688 θοόόξοις
306 1613 513 1692 Χριστιανοῖς
535 1608 575 1672 τό
598 1613 666 1674 κατ’
686 1611 806 1696 αὐτοῦ,
836 1614 887 1676 ἵνα
909 1609 953 1695 μή
975 1635 1024 1686 τις
1046 1608 1128 1688 όλοος
1146 1613 1234 1699 ου’τῷ

128 1713 293 1796 προσέλθῃ
326 1708 369 1784 σός
392 1707 479 1790 ἴχνος
513 1706 618 1790 ἔχοντι
639 1706 835 1796 ἱερωσύνης,
867 1713 949 1795 μήτε
982 1712 1045 1794 μην
1065 1715 1234 1793 συγχὲοιτο

85 1805 214 1883 ι5όλως
237 1809 279 1894 τῷ
294 1808 470 1895 ἐκχεομένῳ
504 1804 556 1871 ὑπ’
586 1809 687 1873 ον’τοό
710 1809 892 1897 α’φορισμηῑ.
945 1801 991 1872 οἷν
1013 1808 1118 1872 εἵνεκα
1136 1803 1231 1890 truisi

114 1907 281 1988 ,παροῦσα
318 1904 408 1988 ἡμῶν
438 1904 597 1991 ἔγγραφος
624 1903 788 1993 όπόφασις
818 1909 852 1972 ἒν
886 1907 1037 1990 ἐχιόνλου
1069 1908 1235 1988 ἐπιπολῆς

132 2005 324 2068 α’πολέλυται
347 2001 437 2068 εἴδει.
895 2083 902 2091 .

216 2097 294 2184 Εἶχε
316 2104 350 2165 δὲ
373 2105 428 2165 κατ’
453 2100 508 2166 διό
529 2105 584 2186 τῆς
599 2105 706 2184 τιμίας
722 2105 953 2188 πατριαρχικῆς
977 2098 1086 2186 χειρός
1100 2101 1134 2166 τό
1158 2103 1237 2187 μηνὶ

134 2203 255 2290 Ἰουνιίρ
277 2202 470 2275 ι’νόικτιιόνσς
492 2201 542 2282 ιβ.

85 2314 126 2367 20
213 2293 319 2378 Ὅμως
340 2296 357 2360 ό
381 2295 579 2384 πατριάρχης
611 2302 665 2363 tt»
695 2296 818 2382 ἔγραψε
848 2299 943 2380 μόνον
963 2297 1083 2382 ταότην
1103 2295 1157 2382 την
1179 2323 1237 2362 να-

134 2400 285 2482 θαόρεσιν
306 2399 363 2462 τοῦ
383 2395 571 2480 Ἀρσινόου·
625 2397 689 2483 uiuri
721 2401 776 2462 κατ’
795 2400 841 2472 εἰς
870 2398 927 2481 τὴν
949 2400 1081 2482 Κρήτην
1114 2381 1172 2461 {roi
1191 2399 1237 2472 εἷς

134 2677 190 2726 lem
209 2674 413 2726 Monembasios
437 2675 528 2728 sedem
549 2694 726 2746 progressum,
746 2683 891 2728 constante¹
901 2675 1036 2727 sententia
1055 2671 1120 2727 indo
1140 2672 1237 2726 deiicit

136 2755 166 2798 et
187 2762 236 2814 pro
255 2745 361 2796 deiecto
380 2745 575 2810 habet,'omni
596 2765 703 2818 prorsus
724 2746 873 2798 sacerdotio
896 2755 923 2796 et
945 2745 1082 2814 pontificia
1104 2745 1236 2812 dignitato

138 2825 263 2868 exutum.
302 2816 369 2866 haec
388 2826 430 2868 est
443 2821 577 2870 sententia
592 2827 700 2882 nostra3
721 2833 801 2886 quam
814 2818 840 2865 S.
856 2817 953 2885 spiritu
972 2825 1081 2866 auctore
1095 2824 1123 2866 et
1136 2832 1237 2882 appro-

135 2887 234 2938 batore
254 2887 282 2936 in
303 2887 391 2953 ipsum
409 2891 613 2954 pronuntiamus
670 2906 684 2938 ε
707 2888 840 2938 contrario
862 2903 925 2936 vero
950 2893 1060 2936 cunctos
1079 2887 1139 2953 pios
1158 2885 1237 2934 Cirri-

135 2959 251 3018 stianos‚
273 2957 428 3026 ubicunque
448 2959 567 3010 locorum
595 2967 675 3021 sunt,
701 2957 893 3008 benedictione
919 2964 1009 3006 nostra
1037 2957 1237 3024 prosequimur,

135 3029 301 3096 veniamque
319 3027 374 3076 iilis
402 3039 573 3094 peccatorum
602 3029 695 3080 domus
721 3027 754 3078 de
781 3028 922 3078 voluntate
953 3036 981 3078 et
999 3043 1051 3095 ope
1070 3025 1097 3076 S.
1116 3026 1241 3094 spiritus·
1308 3024 1311 3032 '

135 3098 254 3150 proxime
273 3106 364 3148 arrtem
385 3099 459 3160 ilios,
476 3116 655 3169 quoscunque
675 3107 813 3151 execratus
833 3099 884 3149 iste
904 3115 918 3148 a
938 3097 1127 3148 commuuione
1147 3096 1236 3160 eccle·

134 3170 194 3220 sias
216 3168 313 3228 eiecit,
333 3166 504 3220 rnediocritas
525 3177 637 3228 nostra,
656 3172 844 3239 omnipotente
873 3177 1009 3238 potestate
1029 3168 1116 3220 divini
1136 3167 1236 3220 vivifici

136 3247 166 3288 et
187 3239 382 3306 omnipotentis
403 3240 522 3306 spiritus,
543 3239 703 3291 benedictos
723 3249 815 3291 censet
843 3247 871 3289 et
888 3241 991 3290 veniam
1011 3247 1170 3290 consecutos
1190 3254 1236 3288 so·

136 3309 267 3376 tutosque
288 3317 315 3358 et
334 3307 434 3358 liberos
453 3310 599 3361 vioeuioet
620 3320 705 3362 reatu.
742 3309 810 3359 hooc
823 3312 984 3361 sententiam
1007 3310 1040 3360 ds
1060 3309 1124 3376 ipsis
1143 3309 1235 3369 etiam,

135 3395 188 3448 per
208 3379 333 3446 spiritum
354 3387 472 3430 sanctum
489 3381 702 3448 pronuntiamus,
723 3381 799 3429 cuius
810 3395 890 3428 causo
902 3378 1057 3430 immediate
1077 3377 1235 3446 productrix

136 3447 275 3500 adoranda
296 3449 380 3516 patris
399 3457 438 3499 est
457 3449 616 3519 hypostasis.
654 3449 726 3502 unsis
747 3449 871 3508 cunctis,
890 3449 1098 3516 quibuscunque
1116 3448 1145 3497 iu
1165 3447 1234 3498 iocis

136 3527 212 3579 sunt,
241 3527 311 3568 recte
339 3519 518 3572 sentientibus
543 3521 702 3572 Christianis
730 3528 794 3572 nota
816 3519 927 3568 facimus
955 3534 1025 3588 quos
1053 3525 1147 3568 contm
1173 3530 1235 3567 eum

137 3587 251 3655 egimus,
268 3597 298 3640 ut
316 3605 350 3638 ns
364 3591 473 3640 omnino
492 3593 635 3661 quisquam
652 3592 687 3642 ad
705 3592 793 3659 ipsum
813 3589 924 3640 accedat
945 3598 1073 3658 tauquam
1092 3587 1234 3654 vestigium

136 3657 285 3710 habentem
312 3660 476 3722 sacerdotii,
507 3679 597 3730 neque
627 3663 685 3713 uilo
711 3661 791 3712 modo
810 3657 992 3711 confundatur
1018 3662 1101 3709 effuso
1120 3657 1154 3708 ab
1173 3658 1233 3725 ipsu

135 3730 428 3781 excommunicatione.
475 3732 575 3800 quibus
603 3731 637 3782 de
665 3734 752 3784 causis
776 3731 857 3783 etiam
889 3730 956 3781 haec
974 3731 1075 3798 scripta
1098 3723 1235 3781 s'eutentia

135 3807 232 3850 nostra
250 3798 300 3848 sub
321 3800 521 3864 communitati
542 3818 636 3853 ornnes
655 3803 787 3870 epistolas
806 3799 879 3852 edita
899 3809 941 3854 est
961 3800 1056 3853 formu.

211 3884 396 3954 subscriptum
423 3905 533 3958 quoquo
556 3889 710 3940 veneranda
741 3888 907 3956 patriarchae
934 3904 1014 3938 manu
1042 3893 1116 3946 orat,
1142 3897 1234 3933 menso

136 3956 228 4015 Iunio,
250 3955 400 4008 indictione
418 3958 476 4009 ΧΗ.

209 4041 278 4091 Tum
297 4041 448 4110 patriarcha
467 4061 522 4094 non
542 4050 646 4094 tantum
667 4041 736 4093 huuc
755 4043 859 4094 Arsenii
880 4041 1098 4094 deturbationem
1118 4039 1235 4108 scripsit,

135 4113 333 4163 verumetiam
360 4113 388 4164 in
408 4114 509 4165 insulas
529 4114 633 4164 Cretam
656 4121 683 4165 et
701 4112 817 4180 Cythera
847 4112 954 4182 aliaque
982 4111 1041 4165 locs
1060 4108 1234 4174 Venetorum,
