2954 4816
228 247 322 348 aas
436 299 438 302 v
556 246 560 256 “
660 274 893 341 'ursmari

198 497 201 504 ,
246 428 314 514 εἶχε
335 432 417 509 μέσα
446 428 492 501 εἰς
517 423 551 488 τά
578 422 698 508 σαράγη
718 448 793 506 τοο,
822 429 897 508 περί
921 425 976 517 τῆς
1005 415 1137 500 πίστὲως
1166 425 1256 511 η’μάν
1277 430 1344 494 ταῖν

247 530 461 612 Χριστιανῶν,
484 522 514 588 οἱ
537 522 636 588 ὁποῖοι
658 521 695 586 τά
717 523 913 608 ἐξηγηθησαν
941 529 1157 599 καταλεπτάς·
1200 525 1257 590 καί
1274 522 1342 608 εἶχε

179 617 238 693 133
244 625 352 712 χαράν
368 622 516 707 μεγάλην,
538 619 688 686 ἀκούοντα
710 626 822 687 ταῦτα.
863 625 947 704 μέσα
969 624 1005 685 δὲ
1024 623 1070 696 εἰς
1090 617 1148 686 άλα
1170 627 1228 686 τοῦ
1248 621 1343 689 εἶπαν

178 739 179 743 ’
246 725 293 790 ὅτι
317 728 379 789 τῶν
389 723 592 806 Χριστιανῶν
614 719 643 784 οἱ
667 723 827 803 ἀρχιερεῖς
847 724 903 784 καί
922 720 1027 805 ἱερεῖς,
1049 716 1341 806 ἷίσονςάφωρίζουν

245 823 386 904 νομίμως
399 825 444 895 εἰς
464 821 634 898 πταίσιμον
657 819 736 884 taos
751 819 787 882 νά
800 818 951 904 σφάλονν,
975 821 1030 882 καί
1043 821 1096 882 cliv
1116 821 1239 896 σάζουν
1262 823 1366 899 ζῶν-5

241 923 300 998 τάς
320 944 403 1002 τους,
424 919 462 984 νά
486 921 638 1000 διορθοῦν
660 922 715 981 καί
733 917 772 982 νά
793 921 983 1002 λατρεντοῦν
1004 921 1048 994 εἷς
1072 919 1220 984 irrisorii
1244 919 1341 984 τιταί-

242 1044 336 1101 σιμον
356 1019 436 1082 ὃποῦ
467 1016 751 1100 άφορίσθησαν,ἦ
780 1025 837 1100 γῆς
871 1019 925 1082 cliv
945 1013 1015 1080 λάει
1043 1018 1078 1082 τά
1105 1021 1339 1101 novariensium

241 1123 298 1185 τοῦ
320 1119 566 1204 ἀφωρισμένον,
592 1115 659 1197 ἀμη“
681 1120 797 1195 μένουν
827 1114 913 1180 οὖσάν
934 1119 1101 1198 τύμπανα·
1144 1117 1200 1180 καί
1212 1111 1257 1182 ,ἀν
1280 1141 1339 1182 πε-

182 1236 189 1250 ‘
241 1218 361 1300 ράσονν
381 1218 437 1278 καί
455 1214 553 1294 χίλιοι
574 1211 696 1296 χρόνοι,
720 1213 801 1276 αάτά
825 1215 877 1278 cliv
901 1214 940 1278 τά
961 1211 1064 1299 τράγη
1086 1215 1103 1298 η“
1123 1217 1179 1297 γῆς
1199 1221 1337 1296 τελείως·

153 1341 155 1346 ·
240 1313 339 1393 μόνον
370 1318 530 1378 στὲκονται
560 1313 712 1392 ἀκέραια,
736 1311 844 1386 καθώς
869 1312 910 1394 ἱτά
943 1311 1081 1394 ἔθαψαν.
1137 1313 1272 1397 ἐράτησε
1302 1319 1335 1380 δὲ
1350 1329 1384 1381 10

242 1397 360 1486 αάτοάς
382 1410 438 1475 ἐάν
460 1410 614 1474 δύνωνται
635 1410 673 1474 νά
696 1417 949 1494 σνγχωρηθοῦν,
975 1413 1081 1477 πάλιν
1099 1412 1138 1476 νά
1164 1414 1338 1478 ἀιαλάσσυν

200 1585 207 1594 ²
241 1509 279 1572 τά
304 1508 419 1589 κορμιά
441 1509 564 1572 αάταῑν·
620 1509 675 1571 καί
694 1512 910 1592 ἀπεκρίθησαν
931 1510 987 1574 καί
1004 1507 1096 1576 εἶπαν
1120 1506 1168 1577 ὅτι
1191 1515 1338 1576 δύναται.

241 1610 284 1684 ἀς
320 1611 355 1672 δὲ
388 1603 506 1697 ἱἤκουσε
531 1611 619 1672 τοῦτο
652 1607 685 1671 τά
721 1608 899 1690 παράδοξον
925 1610 1120 1694 μυστήριον,
1149 1609 1258 1696 ἔφριξε
1283 1613 1341 1674 καί

168 1739 170 1745 ·
240 1705 423 1786 ἒθαάμασε,
454 1705 509 1768 καί
540 1713 633 1782 πλέον
654 1701 732 1788 άλλη
768 1710 887 1786 καμίακ
915 1706 1072 1790 ἐρώτησιν
1096 1711 1148 1772 tta
1170 1707 1335 1790 ἑράτησε·

158 1795 160 1804 ’
239 1804 305 1889 ἀμη
329 1809 362 1869 ἐν
384 1809 425 1892 τη]
446 1798 513 1882 άμα
535 1802 673 1886 ἐμήνυσε
693 1809 748 1868 τοῦ
761 1803 962 1890 πατριάρχου
986 1802 1033 1870 ὅτι
1055 1805 1093 1871 νά
1108 1802 1185 1894 arion
1207 1805 1384 1889 άνθρω-15

238 1928 297 1969 πον
318 1905 554 1990 ἀφωρισμένον,
578 1903 659 1966 ὀποῦ
681 1901 718 1968 νά
741 1902 807 1986 ἔχει
830 1905 931 1968 πσλάν
952 1907 1063 1990 καιρὸν
1082 1909 1293 1988 ἀπεθαμὲνος.
1318 1907 1345 1979 ἀ,

239 2007 275 2068 tt
295 2002 492 2087 πατριάρχης
516 2003 654 2076 ἀκούσας
676 2007 734 2067 τοῦ
753 2004 934 2069 σσυλτάνου,
956 2005 990 2068 τὸ
1022 2005 1152 2087 μήνυμα
1174 2006 1337 2088 ἐξεπλάγη,

239 2107 294 2166 καί
315 2107 348 2168 ἐν
371 2107 412 2188 τῷ
435 2101 502 2183 άμα
525 2101 634 2186 ἔκραξε
658 2101 731 2176 τούς
753 2105 938 2186 κληρικοάς,
967 2109 1021 2169 καί
1042 2101 1108 2169 εἷπε
1132 2104 1167 2168 τά
1204 2103 1338 2188 μήνυμα

238 2206 297 2266 τοῦ
319 2201 511 2265 σουλτάνου·
557 2202 610 2264 καί
631 2200 832 2282 ἐθαύμασαν.
875 2197 954 2285 ἦλθε
978 2207 1013 2266 δὲ
1034 2203 1051 2266 ὃ
1073 2207 1269 2286 πατριάρχης
1291 2206 1367 2278 εἰς·

238 2298 378 2384 μεγάλην
396 2302 591 2382 α’ἀάημονάιν
610 2298 690 2379 μετὰ
711 2303 773 2363 ταῖν
791 2306 959 2386 ’κληρικαῖν,
984 2292 1047 2366 ποῦ
1067 2300 1104 2366 νά
1129 2300 1248 2390 εὑρεθῇ
1269 2317 1384 2370 ror-2⁰

241 2401 330 2471 οὗτος
352 2395 487 2470 παλαιάς
508 2401 739 2481 ἀφωρισμένος.
760 2401 819 2460 καί
837 2402 890 2462 ἀὲν
918 2395 1008 2482 εἶχαν
1027 2405 1062 2464 τί
1079 2401 1116 2464 νά
1139 2399 1260 2481 κάμουν
1280 2399 1335 2464 διά

241 2495 297 2579 την
320 2493 420 2583 σάρον·
465 2502 519 2562 καί
539 2496 692 2582 ἑζητηοαν
715 2502 772 2562 τοῦ
793 2499 1101 2583 σουλτάνουδιορίαν
1125 2499 1232 2582 ὀλίγας
1253 2499 1337 2583 ἡμέ·

242 2777 317 2828 tandi
335 2779 457 2830 sullanus
476 2779 609 2844 faciebat;
628 2781 673 2848 qui
696 2780 719 2828 ei
734 2795 848 2848 ¹quoque
860 2779 1022 2832 articulatim
1042 2787 1076 2830 et
1090 2779 1222 2848 exquisite
1243 2779 1335 2849 capita

242 2857 268 2898 et
278 2850 441 2900 sententiam
453 2851 510 2900 eliis
525 2850 733 2900 edisseruerunt.
748 2867 762 2898 e
778 2867 889 2918 quarum
900 2867 988 2900 rerum
1002 2850 1199 2900 auscultatione
1212 2866 1335 2916 magnam

242 2919 300 2986 ipse
320 2920 445 2987 rapiebat
470 2921 657 2988 voluptatem.'
695 2922 766 2970 inter
789 2929 877 2970 cetera
908 2937 979 2988 quae
1007 2921 1032 2970 ei
1061 2915 1229 2982 iudicarunt,
1251 2921 1335 2970 etism

242 2988 294 3040 hoc
315 2989 451 3052 eliserunt,
471 3007 648 3058 quoscunque
668 2989 811 3046 Christiani
832 2990 973 3058 pontifices
995 2998 1023 3042 et
1042 2990 1193 3042 sacerdotes
1213 2990 1334 3056 legitime

242 3058 277 3108 ob
292 3069 428 3124 peccatum
448 3060 560 3128 aliquod
575 3061 717 3109 admissum
737 3077 810 3109 sacro
830 3067 907 3110 coetu
921 3061 1041 3124 eliciant,
1059 3077 1108 3110 nec
1122 3069 1256 3130 occupent
1276 3076 1334 3124 eos,

243 3128 304 3176 dnm
337 3131 364 3178 in
391 3131 456 3178 vivis
486 3131 558 3198 siut„
584 3129 744 3190 estendere,
765 3137 794 3179 ut
819 3133 962 3198 expientur
987 3131 1021 3180 ab
1051 3131 1099 3180 illo
1125 3130 1202 3198 laps'u
1223 3139 1335 3198 propter

242 3215 321 3266 quern
344 3199 423 3248 eiecti
449 3200 566 3260 suerunt,
589 3217 679 3250 eorum
699 3199 847 3262 cadavera,
865 3201 902 3252 ita
923 3203 950 3252 in
972 3201 1054 3252 exilio
1074 3201 1190 3268 spiritali
1211 3209 1335 3250 mortuo·

242 3284 309 3328 rum,
328 3286 381 3318 non
402 3269 510 3319 dissolvi
534 3287 547 3318 a
575 3277 660 3332 terra,
678 3269 725 3320 sed
748 3287 884 3320 remanere
909 3279 1096 3340 tympanorum
1122 3272 1212 3328 ¹instar
1230 3269 1334 3330 inflata,

242 3353 308 3398 nec,
329 3340 349 3388 si
372 3340 448 3388 mille
473 3341 552 3390 etiam
584 3342 738 3391 transierint
768 3342 849 3403 anni,
869 3343 1012 3392 omninoa
1036 3350 1103 3392 terra
1125 3341 1264 3402 consumi,
1285 3339 1335 3391 sed

242 3417 342 3458 restare
362 3411 475 3476 integra,
494 3413 570 3462 sicuti
584 3410 690 3462 humata
706 3412 815 3463 luerint.
835 3413 1010 3478 interrogavit
1032 3411 1146 3479 amplius
1168 3429 1230 3461 num
1251 3410 1335 3461 iidem

241 3488 360 3546 possent,
383 3479 443 3531 (lata
465 3481 649 3544 absolutione,
669 3499 756 3531 rursus
776 3481 947 3532 dissolubilia
969 3483 1057 3532 facere
1077 3498 1108 3532 es
1127 3499 1247 3550 corpora.
1290 3499 1335 3530 re-

236 3549 409 3615 sponderunt
429 3553 470 3602 illi
489 3569 577 3620 posse.
614 3554 672 3620 ipse
688 3553 815 3602 miraculo
835 3553 887 3603 lsoc
905 3553 999 3604 audito
1019 3552 1166 3603 admiratus
1186 3551 1335 3614 cohorruit,

223 3637 289 3669 nec
309 3621 382 3670 aliud
404 3631 542 3687 praeterea
562 3623 706 3690 quicquam
734 3622 918 3689 interrogavit,
937 3621 984 3674 sed
1004 3624 1146 3674 confestim
1167 3621 1336 3690 patriarchae

240 3691 360 3740 nuntiari
381 3691 467 3751 iussit,
486 3700 629 3760 quaereret
647 3691 784 3741 hominem
811 3694 999 3744 communione
1020 3694 1150 3744 ecclesias
1169 3692 1337 3743 extermina-

241 3768 313 3818 tum,
335 3769 396 3808 ante
425 3761 534 3827 longum
563 3771 669 3830 tempus
695 3763 747 3811 vita
778 3761 944 3822 defunctum,
991 3763 1143 3832 patriarcha
1169 3771 1280 3830 accepto
1300 3779 1336 3814 eo

239 3831 335 3881 nuntio
358 3831 500 3881 exterritus
519 3839 573 3894 est3
601 3849 631 3880 ac
657 3833 746 3882 statim
773 3834 866 3885 accitis
893 3834 996 3884 clericis
1023 3835 1122 3885 sultani
1148 3833 1228 3884 verba
1249 3849 1339 3898 expo-

189 3951 192 3955 ·
239 3900 307 3960 suit;
333 3901 377 3966 qui
397 3902 485 3950 mirati
504 3910 574 3952 sunt.
613 3903 710 3952 incidit
731 3903 881 3970 patriarcha
900 3921 957 3954 cum
979 3905 1042 3972 ipsis
1062 3906 1089 3954 in
1110 3921 1213 3970 gravem
1234 3919 1337 3969 curam,

241 3967 294 4017 lunc
314 3972 379 4018 illuc
399 3973 575 4039 cogitationes
596 3973 745 4034 volventes,
765 3975 872 4024 ubinam
901 3975 955 4026 tale
974 3974 1131 4024 iamdudum
1150 3975 1337 4024 excommuni-

241 4039 338 4088 cationi
363 4042 496 4091 iunnoitui
520 4041 635 4092 hominis
650 4043 762 4094 cadaver
783 4046 893 4112 reperiri
913 4053 1012 4112 posset.
1033 4061 1148 4112 cumque
1167 4044 1236 4094 nihil
1254 4045 1335 4112 ipsis,

242 4108 306 4180 quid
330 4110 456 4178 facerent,
477 4114 504 4166 in
525 4113 677 4184 praeseutia
697 4115 727 4166 in
745 4124 863 4169 mentem
886 4117 1000 4178 veniret,
1023 4117 1129 4192 aliquot
1147 4115 1250 4170 dierum
1268 4131 1337 4188 spa·
