2922 4824
300 247 348 316 20
483 327 487 340 ,
746 246 940 312 merosus
988 289 991 296 ,

298 404 353 464 καί
372 397 681 482 μηχανήν,·ἐξη”λθοκ
709 395 738 462 οἱ
768 395 855 462 ἔνδον
883 405 1007 462 πολῖται
1026 401 1083 471 εἷς
1101 396 1135 492 τδ
1162 396 1222 478 ἔξω
1243 398 1378 486 κάστρον,
1441 357 1442 400 l

298 498 490 586 φοβούμενοι
508 495 553 579 μη
576 494 764 576 εἰσβάλωοιν
786 495 1004 579 ἔνδοντὲιχαῖν
1025 503 1064 584 τῇ
1082 496 1167 586 ὁρμῇ
1188 498 1301 586 αδταῖυ.

327 663 329 668 2
381 595 421 664 Οἱ
451 600 584 679 Τοῦρκοι
606 587 661 659 ads
681 593 739 678 την
768 589 899 682 αὔριον,
919 595 1018 672 εδθδς
1040 593 1107 678 ἅμα
1131 602 1230 681 πρωΐ,
1251 601 1379 678 πόλεμον

296 699 465 780 στήσαντες
488 699 541 759 καί
559 693 678 778 δρόμον
698 700 796 778 μέγαν
817 695 896 778 μετά
913 699 975 761 τῶν
995 697 1216 762 λ’ππαιναδτοῖν
1238 699 1378 781 εἰσῆλθον

261 863 262 867 ,
290 801 404 888 Ιπολλοί
425 795 486 860 άπὸ
508 797 562 880 τῆς
583 795 782 878 χαλάστριας
799 798 855 860 καί
873 799 1061 878 ἐκυρίευσαν
1083 801 1136 862 καί
1157 801 1219 862 τοῖν
1238 797 1396 880 μεγάλοιο

294 901 417 979 τειχῶν,
440 900 493 960 καί
513 895 655 977 σκάπτρα
676 892 785 960 ἔθεντο
801 892 905 960 ἐπάνω
920 899 983 960 ταῖν
997 896 1136 978 πύργων,
1160 895 1215 972 oric
1229 900 1284 963 καί
1303 905 1377 961 θεα-

292 997 424 1074 σάμενοι
446 992 473 1058 οἱ
498 992 666 1072 Βυζάντιοι
688 991 887 1076 ἐπολέμησαν
915 999 1082 1076 γενναίαις·
1125 998 1180 1058 καί
1198 993 1310 1060 ἔπεσον
1329 997 1377 1060 τό-

292 1119 348 1160 σοι·
372 1089 566 1176 ἑκατέρωθεν
595 1089 674 1159 ὥστε
704 1087 775 1156 οὔτε
796 1092 869 1168 τοδς
891 1091 951 1172 ἔξω
980 1091 1025 1158 ἔτι
1049 1092 1375 1160 δάνασθαιτίσελθεῖι

292 1189 362 1258 οὔτε
380 1193 452 1268 roric
485 1191 574 1258 ἔνδον
596 1197 733 1270 ἐξελθεῖν
762 1193 823 1256 ὑπὸ
846 1197 908 1259 ταῖν
936 1183 1120 1276 άμετρὴτων
1141 1197 1298 1275 ,στομάτων
1320 1199 1374 1258 τάν

292 1299 415 1378 νεκρῶν.
443 1289 578 1374 ,ἐγένετο
608 1294 667 1375 γάρ
704 1283 722 1356 ὅ
752 1292 857 1376 σωρὸς
878 1296 932 1376 τῆς
962 1290 1104 1375 πληθύος
1132 1296 1192 1358 ττὸν
1215 1293 1405 1374 *arciatrum

247 1397 406 1479 11νεκραῖν
424 1398 521 1476 μέχρι
551 1392 676 1472 άψίδαιν
706 1396 812 1458 otiarer
843 1397 904 1458 τῶν
926 1397 1033 1456 ualuis
1052 1380 1113 1457 coir
1135 1397 1259 1476 τειχῶν,
1280 1391 1373 1475 πάλης

291 1499 437 1576 Χερσοῦς
466 1493 520 1556 καί
548 1497 607 1556 τοῦ
637 1493 728 1576 ἁγίου
753 1493 938 1572 Ῥαιμανοῦ,
960 1493 1002 1568 ὥς
1023 1491 1168 1577 ἐφαίνετο
1189 1495 1372 1574 ἐπικειμένη.

288 1588 458 1670 καλοδταις
480 1590 750 1674 άπεριοχδσαντες
775 1590 803 1656 οἱ
826 1593 992 1675 Ἀγαρηνοί
1012 1591 1158 1672 εἰσῆλθον
1190 1585 1247 1654 cirri
1274 1592 1374 1654 πάσαν

287 1693 344 1776 τὴν
362 1696 438 1756 ποτὲ
459 1696 517 1773 μὲν
549 1696 718 1776 περιφανῆ,
738 1691 989 1775 δυστυχεστάτην
1023 1691 1058 1752 δὲ
1086 1686 1188 1778 ἔκτοτε
1207 1689 1298 1770 πόλιν
1320 1691 1373 1752 τοῦ

290 1797 540 1869 Κονσταντίνου.
582 1795 637 1856 καί
660 1787 743 1856 οδτω
764 1795 887 1874 γέγονεν
908 1789 927 1872 ἦ
950 1787 1069 1864 ἅλωσις
1088 1790 1143 1872 τῆς
1164 1788 1294 1872 α’ρίστης
1315 1794 1416 1865 rasisti¹

287 1891 406 1957 redieras
436 1891 574 1978 ταύτης,
596 1894 630 1958 ἐν
651 1890 715 1957 ἔτει
737 1890 845 1984 ίςῇξιί,
864 1889 940 1976 μηνί
961 1890 1046 1976 μαλἠι
1068 1886 1126 1974 κθ,
1149 1887 1252 1978 ἡμέρη
1275 1891 1373 1976 τρίτη,

284 1993 379 2077 πρωΐ.
404 2023 408 2032 ·
1043 2011 1051 2023 ‘
1335 2077 1339 2081 „

370 2093 433 2170 Τῆς
456 2090 571 2170 ἀνοχῆς
603 2113 679 2169 σου,
703 2092 838 2152 δέσποτα
861 2088 1101 2170 παντοκράτωρ,
1124 2081 1172 2160 δτι
1195 2085 1373 2169 ἑμακροθδ-

288 2186 391 2269 μηοας
412 2190 466 2248 καί
492 2191 589 2251 ταῦτα
626 2189 795 2268 γενέσθαι,
817 2179 837 2268 ἢ
860 2189 982 2266 μᾶλλον
1004 2189 1111 2266 εἰπεῖν,
1135 2183 1372 2267 παρεχάρησας.

286 2287 333 2359 τίς
352 2285 412 2368 γάρ
441 2282 518 2365 ἔγνω
548 2285 621 2352 rosv
652 2287 783 2366 κυρίους
815 2281 902 2368 ἢτίς
931 2283 1109 2366 σύμβουλος
1130 2285 1214 2370 αὕτη]
1236 2285 1406 2372 s'ye'rero320

282 2387 330 2459 τίς
353 2377 411 2448 οδν
433 2375 637 2473 λιθοκάρδιός
659 2387 759 2464 ἐστιν,
784 2382 818 2458 tc
840 2384 972 2448 δυ’ναται
992 2381 1036 2466 μη
1060 2375 1196 2448 κλαῦσαι
1219 2385 1273 2446 καί
1293 2386 1371 2464 θρη-

281 2487 375 2568 νῆσαι
396 2482 451 2548 τὸν
472 2486 610 2548 τοιοῦτον
630 2485 836 2569 λεηλατιομὸν
868 2486 923 2548 καί
943 2480 1127 2569 ἀφανισμὸν
1147 2472 1202 2566 τῆς
1221 2479 1371 2566 εδδαιμο.

284 2759 347 2804 sunt
365 2753 393 2802 in
413 2752 573 2802 exteriorem
599 2741 670 2802 inter
688 2750 755 2807 duos
784 2767 873 2802 muros
895 2749 1092 2812 munitionem,
1118 2743 1244 2816 quoniam
1264 2754 1369 2798 metue·

281 2824 348 2874 bant
372 2825 550 2891 gravIssimum
569 2823 653 2873 hostis
675 2825 813 2892 impetum,
834 2825 868 2872 ne
890 2823 959 2872 intra
978 2823 1084 2872 moenia
1102 2819 1271 2888 irrumperet.
1287 2885 1289 2890 Ι

352 2911 453 2961 Tuccae
475 2912 556 2978 igitur
574 2910 718 2978 postridie,
743 2911 828 2978 prima
847 2910 936 2960 statim
960 2909 1033 2968 luce,
1055 2909 1131 2976 equis
1150 2907 1203 2958 acri
1223 2924 1301 2958 cursu
1321 2905 1369 2956 arl-

281 2983 350 3032 vecti
371 2983 600 3048 oppugnationem
630 2981 782 3031 intulerunt
809 2979 868 3028 urbi
887 2981 1077 3045 gravissimam.
1123 2996 1154 3028 ac
1172 2978 1249 3030 multi
1269 2995 1369 3039 eorum,

277 3048 334 3120 ‘qua
355 3060 430 3118 parte
457 3051 549 3100 ruinae
568 3051 693 3099 iacebant
709 3051 797 3111 anari,
816 3051 968 3114 irruerunt3
994 3059 1021 3100 et
1042 3049 1142 3115 magnis
1163 3049 1243 3098 etiam
1261 3048 1370 3099 moeni·
1442 3101 1443 3104 ,

283 3123 332 3170 hus
351 3121 431 3187 potiti
453 3121 526 3186 signa
553 3136 600 3168 sua
627 3121 656 3168 in
676 3121 792 3172 turribus
820 3119 909 3170 fixere.
931 3128 1146 3188 repugnaverunt
1165 3120 1286 3184 Byzantii
1308 3119 1370 3169 ani·

280 3207 368 3253 mose3
397 3207 427 3240 ac
453 3199 543 3240 tantus
572 3190 698 3258 utrinque
724 3207 850 3240 numerus
873 3207 1009 3250 caesorum
1026 3192 1094 3244 luit
1121 3199 1151 3240 ut
1169 3207 1220 3240 nec
1238 3191 1285 3258 qui
1304 3189 1370 3240 foris

282 3269 372 3322 erant,
392 3261 508 3329 amplius
527 3269 637 3328 possent
655 3259 767 3328 ingredi,
785 3277 835 3310 uec
854 3262 899 3330 qui
920 3261 1010 3322 intus,
1032 3260 1121 3328 egredi
1144 3269 1207 3328 prae
1226 3261 1371 3311 innumero
1442 3263 1443 3276 ³

282 3330 436 3382 cadaverum
457 3347 561 3381 acervo.
598 3331 620 3380 is
639 3332 709 3382 enim
731 3334 781 3380 iam
803 3333 875 3400 ipsas
902 3339 1037 3400 portarum
1059 3331 1203 3382 Chersonis
1221 3340 1248 3381 et
1266 3332 1292 3382 S.
1316 3335 1371 3382 Ro·

282 3403 352 3452 mani
374 3403 488 3454 fornices
521 3400 680 3462 altitudine,
709 3402 907 3472 adaequaverat
926 3419 989 3464 saa,
1010 3403 1046 3453 ita
1067 3410 1097 3452 ut
1116 3410 1192 3470 porta
1211 3401 1371 3453 incumbere

282 3472 454 3526 cadaveribus
474 3471 618 3522 videretur.
654 3475 691 3523 ita
710 3474 811 3523 viribus
833 3474 995 3524 valentiores
1009 3473 1073 3523 facti
1091 3471 1196 3522 barbari
1216 3473 1372 3542 universam
1442 3487 1443 3508 ι

281 3553 455 3612 pervaserunt
471 3544 554 3602 illam,
577 3541 710 3612 quondam
735 3545 872 3607 inclytam,
891 3553 955 3594 tunc
972 3559 1034 3594 vero
1053 3543 1274 3604 infelicissimam,
1293 3543 1371 3595 Cou-

282 3614 394 3664 ataatini
414 3613 514 3663 urbem.
552 3615 603 3663 boc
620 3614 701 3664 modo
722 3624 873 3681 expugnata
895 3614 946 3664 luit
960 3610 1188 3683 praestantissima
1206 3613 1275 3665 haee
1296 3616 1373 3673 urbs.

266 3701 353 3734 anuo
382 3683 473 3734 mundi
506 3685 594 3734 sexies
625 3684 766 3734 millesimo
801 3686 1006 3752 nongentesimo
1034 3685 1198 3754 sexagesimo
1231 3703 1302 3746 uno,
1325 3685 1372 3736 dre

283 3755 348 3804 Maii
367 3753 410 3814 29,
432 3755 477 3822 qui
499 3755 595 3804 tertius
615 3753 789 3806 hebdomadis
812 3765 876 3817 erat,
896 3763 1018 3825 tempore
1039 3757 1182 3807 matutino.
1262 3789 1282 3794 .,

365 3835 430 3892 llem
449 3841 620 3892 tolerantiam
647 3849 743 3904 tuam,
763 3843 869 3900 domine
887 3841 1087 3912 omnipotens,'
1102 3845 1149 3912 qui
1167 3841 1233 3893 haec
1250 3841 1289 3892 ite
1309 3842 1374 3892 fieri

282 3908 438 3963 sustinueris
467 3907 627 3980 aut'potius
652 3914 811 3978 permiseris.
860 3913 907 3964 sed
935 3916 994 3982 quis
1015 3915 1090 3964 novit
1109 3921 1225 3964 mentem
1245 3911 1375 3964 domini?

283 3989 330 4030 aut
348 3985 407 4050 quis
425 3983 448 4032 ei
470 3999 484 4032 a
505 3983 623 4032 consiliis
645 3982 713 4034 luit?
757 3985 817 4051 quis
837 3983 874 4033 ita
893 4001 971 4034 saxeo
986 3985 1127 4046 eorde‘est
1140 3981 1191 4054 'qui
1210 3982 1265 4033 non
1285 3983 1374 4033 lacri-

285 4059 391 4115 metur,
421 4054 466 4122 qui
482 4069 545 4113 nou
566 4051 690 4120 deploret
713 4061 812 4104 tantam
842 4055 1049 4122 spoliationem,
1063 4063 1169 4106 tantam
1188 4053 1375 4105 abolitionem

285 4119 360 4171 urbis
377 4132 437 4174 ante
456 4123 521 4174 alias
540 4123 604 4175 olim
615 4123 786 4176 felicissimae
806 4126 918 4178 illustris
937 4134 1017 4196 atque
1034 4127 1201 4195 imperiosae,
1222 4141 1296 4176 nunc
1308 4126 1375 4176 'au-
