<?xml version="1.0" encoding="UTF-8"?>
<!DOCTYPE html PUBLIC "-//W3C//DTD XHTML 1.0 Transitional//EN"
    "http://www.w3.org/TR/xhtml1/DTD/xhtml1-transitional.dtd">
<html xmlns="http://www.w3.org/1999/xhtml" xml:lang="en" lang="en">
 <head>
  <title>
</title>
<meta http-equiv="Content-Type" content="text/html;charset=utf-8" />
  <meta name='ocr-system' content='tesseract 3.04.00' />
  <meta name='ocr-capabilities' content='ocr_page ocr_carea ocr_par ocr_line ocrx_word'/>
</head>
<body>
  <div class='ocr_page' id='page_1' title='image "./corpusscriptoru16niebgoog_0135.png"; bbox 0 0 2954 4816; ppageno 0'>
   <div class='ocr_carea' id='block_1_1' title="bbox 258 252 911 352">
    <p class='ocr_par' dir='ltr' id='par_1_1' title="bbox 258 252 911 352">
     <span class='ocr_line' id='line_1_1' title="bbox 258 252 911 352; baseline -0.011 -2"><span class='ocrx_word' id='word_1_1' title='bbox 258 285 352 352; x_wconf 74' lang='lat' dir='ltr'><strong>vrao·</strong></span> <span class='ocrx_word' id='word_1_2' title='bbox 451 263 456 272; x_wconf 84' lang='lat'>&#39;</span> <span class='ocrx_word' id='word_1_3' title='bbox 605 252 609 262; x_wconf 72' lang='grc'><em>’</em></span> <span class='ocrx_word' id='word_1_4' title='bbox 715 278 911 348; x_wconf 79' lang='lat' dir='ltr'><strong>arsaoma</strong></span> 
     </span>
    </p>
   </div>
   <div class='ocr_carea' id='block_1_2' title="bbox 205 423 1405 2690">
    <p class='ocr_par' dir='ltr' id='par_1_2' title="bbox 253 423 1357 714">
     <span class='ocr_line' id='line_1_2' title="bbox 253 423 1355 518; baseline -0.006 -21"><span class='ocrx_word' id='word_1_5' title='bbox 253 439 307 500; x_wconf 75' lang='lat' dir='ltr'><strong>nai</strong></span> <span class='ocrx_word' id='word_1_6' title='bbox 320 437 450 510; x_wconf 66' lang='grc' dir='ltr'><em>δικαίους</em></span> <span class='ocrx_word' id='word_1_7' title='bbox 462 431 606 518; x_wconf 79' lang='grc' dir='ltr'><em>έλέλησε,</em></span> <span class='ocrx_word' id='word_1_8' title='bbox 623 431 662 493; x_wconf 82' lang='grc' dir='ltr'><strong>νῦ</strong></span> <span class='ocrx_word' id='word_1_9' title='bbox 677 427 746 494; x_wconf 84' lang='grc' dir='ltr'><em>έναι</em></span> <span class='ocrx_word' id='word_1_10' title='bbox 758 425 986 510; x_wconf 78' lang='grc' dir='ltr'><em>συγχωρημένη</em></span> <span class='ocrx_word' id='word_1_11' title='bbox 998 427 1053 490; x_wconf 78' lang='grc' dir='ltr'><em>κατ’</em></span> <span class='ocrx_word' id='word_1_12' title='bbox 1064 427 1254 510; x_wconf 71' lang='grc' dir='ltr'><strong>εὐλογημένη</strong></span> <span class='ocrx_word' id='word_1_13' title='bbox 1267 423 1355 509; x_wconf 75' lang='grc' dir='ltr'><em>παρὰ</em></span> 
     </span>
     <span class='ocr_line' id='line_1_3' title="bbox 253 524 1357 614; baseline -0.008 -17"><span class='ocrx_word' id='word_1_14' title='bbox 253 535 333 597; x_wconf 73' lang='grc' dir='ltr'><em>θεοῦ</em></span> <span class='ocrx_word' id='word_1_15' title='bbox 353 537 409 597; x_wconf 82' lang='grc' dir='ltr'><em>κατ’</em></span> <span class='ocrx_word' id='word_1_16' title='bbox 427 529 505 614; x_wconf 64' lang='lat' dir='ltr'><strong>rista*</strong></span> <span class='ocrx_word' id='word_1_17' title='bbox 529 531 667 594; x_wconf 74' lang='grc' dir='ltr'><em>θάνατον</em></span> <span class='ocrx_word' id='word_1_18' title='bbox 686 531 856 607; x_wconf 86' lang='grc' dir='ltr'><em>λελυμένον</em></span> <span class='ocrx_word' id='word_1_19' title='bbox 875 525 908 588; x_wconf 84' lang='grc' dir='ltr'><em>τῦ</em></span> <span class='ocrx_word' id='word_1_20' title='bbox 933 529 1027 604; x_wconf 80' lang='grc' dir='ltr'><em>στῦμα</em></span> <span class='ocrx_word' id='word_1_21' title='bbox 1047 527 1167 608; x_wconf 70' lang='grc' dir='ltr'><em>αὐτῆς·</em></span> <span class='ocrx_word' id='word_1_22' title='bbox 1194 527 1225 588; x_wconf 82' lang='grc' dir='ltr'><em>εἰ</em></span> <span class='ocrx_word' id='word_1_23' title='bbox 1244 528 1279 589; x_wconf 78' lang='grc' dir='ltr'><em>δέ</em></span> <span class='ocrx_word' id='word_1_24' title='bbox 1300 524 1357 588; x_wconf 82' lang='grc' dir='ltr'><em>καὶ</em></span> 
     </span>
     <span class='ocr_line' id='line_1_4' title="bbox 254 619 1355 714; baseline -0.007 -20"><span class='ocrx_word' id='word_1_25' title='bbox 254 635 372 704; x_wconf 80' lang='grc' dir='ltr'><em>α’έέκιος</em></span> <span class='ocrx_word' id='word_1_26' title='bbox 390 621 642 714; x_wconf 78' lang='grc' dir='ltr'><em>ἐσυκοφάντησεν</em></span> <span class='ocrx_word' id='word_1_27' title='bbox 666 625 766 691; x_wconf 83' lang='grc' dir='ltr'><em>αῦτόν</em></span> <span class='ocrx_word' id='word_1_28' title='bbox 786 629 831 699; x_wconf 85' lang='grc' dir='ltr'><em>εἰς</em></span> <span class='ocrx_word' id='word_1_29' title='bbox 851 621 969 707; x_wconf 77' lang='grc' dir='ltr'><em>ταύτην</em></span> <span class='ocrx_word' id='word_1_30' title='bbox 984 623 1044 706; x_wconf 79' lang='grc' dir='ltr'><em>τήν</em></span> <span class='ocrx_word' id='word_1_31' title='bbox 1059 629 1249 708; x_wconf 78' lang='grc' dir='ltr'><strong>κατηγορίαν</strong></span> <span class='ocrx_word' id='word_1_32' title='bbox 1272 619 1355 686; x_wconf 84' lang='grc' dir='ltr'><em>ῦντοῦ</em></span> 
     </span>
    </p>

    <p class='ocr_par' dir='ltr' id='par_1_3' title="bbox 211 714 1401 1702">
     <span class='ocr_line' id='line_1_5' title="bbox 211 714 1356 812; baseline -0.007 -20"><span class='ocrx_word' id='word_1_33' title='bbox 211 737 215 743; x_wconf 75' lang='grc'><strong>“</strong></span> <span class='ocrx_word' id='word_1_34' title='bbox 253 724 348 807; x_wconf 78' lang='grc' dir='ltr'><em>εἶπεν,</em></span> <span class='ocrx_word' id='word_1_35' title='bbox 371 728 438 812; x_wconf 81' lang='grc' dir='ltr'><em>ἔχει</em></span> <span class='ocrx_word' id='word_1_36' title='bbox 459 727 560 811; x_wconf 76' lang='grc' dir='ltr'><em>αῦτην</em></span> <span class='ocrx_word' id='word_1_37' title='bbox 582 729 808 810; x_wconf 71' lang='grc' dir='ltr'><em>ἀφωρισμένην</em></span> <span class='ocrx_word' id='word_1_38' title='bbox 829 723 885 786; x_wconf 75' lang='grc' dir='ltr'><em>κατ’</em></span> <span class='ocrx_word' id='word_1_39' title='bbox 905 715 1135 806; x_wconf 70' lang='grc' dir='ltr'><em>ῦουγχοῦρητην</em></span> <span class='ocrx_word' id='word_1_40' title='bbox 1157 721 1212 784; x_wconf 83' lang='grc' dir='ltr'><strong><em>καί</em></strong></span> <span class='ocrx_word' id='word_1_41' title='bbox 1232 714 1356 804; x_wconf 73' lang='grc' dir='ltr'><em>ιῖλυτην</em></span> 
     </span>
     <span class='ocr_line' id='line_1_6' title="bbox 254 818 1381 909; baseline -0.005 -19"><span class='ocrx_word' id='word_1_42' title='bbox 254 826 340 908; x_wconf 73' lang='grc' dir='ltr'><em>παρὰ</em></span> <span class='ocrx_word' id='word_1_43' title='bbox 361 829 440 891; x_wconf 77' lang='grc' dir='ltr'><em>θεοῦ</em></span> <span class='ocrx_word' id='word_1_44' title='bbox 461 831 720 909; x_wconf 78' lang='grc' dir='ltr'><em>παντοκράτορος.</em></span> <span class='ocrx_word' id='word_1_45' title='bbox 763 818 863 887; x_wconf 72' lang='lat' dir='ltr'><strong>scissi</strong></span> <span class='ocrx_word' id='word_1_46' title='bbox 885 826 942 886; x_wconf 87' lang='grc' dir='ltr'><em>τοῦ</em></span> <span class='ocrx_word' id='word_1_47' title='bbox 964 822 1138 901; x_wconf 74' lang='grc' dir='ltr'><em>θαύματος,</em></span> <span class='ocrx_word' id='word_1_48' title='bbox 1163 823 1209 895; x_wconf 84' lang='grc' dir='ltr'><em>εἰς</em></span> <span class='ocrx_word' id='word_1_49' title='bbox 1229 821 1381 904; x_wconf 81' lang='grc' dir='ltr'><em>ἦμέρας5</em></span> 
     </span>
     <span class='ocr_line' id='line_1_7' title="bbox 254 919 1353 1010; baseline -0.007 -20"><span class='ocrx_word' id='word_1_50' title='bbox 254 931 396 1008; x_wconf 87' lang='grc' dir='ltr'><em>σαροίντα</em></span> <span class='ocrx_word' id='word_1_51' title='bbox 418 925 476 1010; x_wconf 79' lang='grc' dir='ltr'><strong>την</strong></span> <span class='ocrx_word' id='word_1_52' title='bbox 496 923 609 1005; x_wconf 77' lang='grc' dir='ltr'><em>ἔκοψεν</em></span> <span class='ocrx_word' id='word_1_53' title='bbox 630 925 648 1007; x_wconf 76' lang='grc' dir='ltr'><em>ἡ</em></span> <span class='ocrx_word' id='word_1_54' title='bbox 670 925 743 987; x_wconf 77' lang='grc' dir='ltr'><em>θεία</em></span> <span class='ocrx_word' id='word_1_55' title='bbox 765 927 875 1005; x_wconf 75' lang='grc' dir='ltr'><em>σσοίθη</em></span> <span class='ocrx_word' id='word_1_56' title='bbox 893 923 951 1010; x_wconf 78' lang='grc' dir='ltr'><em>τοῦ</em></span> <span class='ocrx_word' id='word_1_57' title='bbox 966 925 1056 1002; x_wconf 76' lang='grc' dir='ltr'><em>θεοῦ,</em></span> <span class='ocrx_word' id='word_1_58' title='bbox 1076 919 1136 982; x_wconf 84' lang='grc' dir='ltr'><em>α’ττῦ</em></span> <span class='ocrx_word' id='word_1_59' title='bbox 1156 924 1353 999; x_wconf 84' lang='grc' dir='ltr'><em>λυσιντεριά,</em></span> 
     </span>
     <span class='ocr_line' id='line_1_8' title="bbox 252 1019 1356 1104; baseline -0.004 -16"><span class='ocrx_word' id='word_1_60' title='bbox 252 1031 308 1089; x_wconf 83' lang='grc' dir='ltr'><strong><em>καί</em></strong></span> <span class='ocrx_word' id='word_1_61' title='bbox 328 1027 469 1089; x_wconf 76' lang='grc' dir='ltr'><em>α’σέθανε</em></span> <span class='ocrx_word' id='word_1_62' title='bbox 498 1029 623 1103; x_wconf 80' lang='grc' dir='ltr'><em>κακῶς,</em></span> <span class='ocrx_word' id='word_1_63' title='bbox 653 1025 708 1086; x_wconf 85' lang='grc' dir='ltr'><strong>κιιί</strong></span> <span class='ocrx_word' id='word_1_64' title='bbox 727 1021 856 1102; x_wconf 80' lang='grc' dir='ltr'><em>ἔθαψαν</em></span> <span class='ocrx_word' id='word_1_65' title='bbox 878 1021 996 1104; x_wconf 80' lang='grc' dir='ltr'><em>αῦτην,</em></span> <span class='ocrx_word' id='word_1_66' title='bbox 1028 1019 1083 1083; x_wconf 75' lang='grc' dir='ltr'><em>κατ’</em></span> <span class='ocrx_word' id='word_1_67' title='bbox 1106 1021 1125 1103; x_wconf 74' lang='grc' dir='ltr'><em>ἡ</em></span> <span class='ocrx_word' id='word_1_68' title='bbox 1148 1023 1203 1102; x_wconf 77' lang='grc' dir='ltr'><strong>γῆς</strong></span> <span class='ocrx_word' id='word_1_69' title='bbox 1224 1019 1356 1102; x_wconf 76' lang='grc' dir='ltr'><em>ῦὲυτὴν</em></span> 
     </span>
     <span class='ocr_line' id='line_1_9' title="bbox 251 1114 1354 1204; baseline -0.004 -17"><span class='ocrx_word' id='word_1_70' title='bbox 251 1121 353 1188; x_wconf 78' lang='grc' dir='ltr'><em>ἔλυσε·</em></span> <span class='ocrx_word' id='word_1_71' title='bbox 386 1124 484 1204; x_wconf 86' lang='grc' dir='ltr'><em>μόνον</em></span> <span class='ocrx_word' id='word_1_72' title='bbox 504 1120 625 1186; x_wconf 80' lang='grc' dir='ltr'><em>έστεκεν</em></span> <span class='ocrx_word' id='word_1_73' title='bbox 638 1115 737 1204; x_wconf 81' lang='grc' dir='ltr'><em>ῦλυτη</em></span> <span class='ocrx_word' id='word_1_74' title='bbox 757 1121 812 1197; x_wconf 77' lang='grc' dir='ltr'><em>κατ’</em></span> <span class='ocrx_word' id='word_1_75' title='bbox 834 1121 979 1203; x_wconf 78' lang='grc' dir='ltr'><em>ἀκέραια,</em></span> <span class='ocrx_word' id='word_1_76' title='bbox 1002 1119 1110 1194; x_wconf 74' lang='grc' dir='ltr'><em>καθώς</em></span> <span class='ocrx_word' id='word_1_77' title='bbox 1134 1118 1192 1200; x_wconf 80' lang='grc' dir='ltr'><em>τὴν</em></span> <span class='ocrx_word' id='word_1_78' title='bbox 1212 1114 1354 1198; x_wconf 75' lang='grc' dir='ltr'><em>ἔθαψαν.</em></span> 
     </span>
     <span class='ocr_line' id='line_1_10' title="bbox 252 1214 1355 1304; baseline -0.003 -22"><span class='ocrx_word' id='word_1_79' title='bbox 252 1218 408 1286; x_wconf 68' lang='lat' dir='ltr'><strong>ozidinsis</strong></span> <span class='ocrx_word' id='word_1_80' title='bbox 434 1220 497 1285; x_wconf 81' lang='grc' dir='ltr'><em>α’τιῦ</em></span> <span class='ocrx_word' id='word_1_81' title='bbox 533 1225 592 1296; x_wconf 83' lang='grc' dir='ltr'><em>τὰς</em></span> <span class='ocrx_word' id='word_1_82' title='bbox 624 1228 735 1304; x_wconf 74' lang='grc' dir='ltr'><em>τρίχας</em></span> <span class='ocrx_word' id='word_1_83' title='bbox 761 1224 816 1303; x_wconf 75' lang='grc' dir='ltr'><em>τῆς</em></span> <span class='ocrx_word' id='word_1_84' title='bbox 845 1221 985 1304; x_wconf 75' lang='grc' dir='ltr'><em>κεφαλῆς</em></span> <span class='ocrx_word' id='word_1_85' title='bbox 1015 1214 1115 1301; x_wconf 77' lang='grc' dir='ltr'><em>αῦτῆς</em></span> <span class='ocrx_word' id='word_1_86' title='bbox 1149 1220 1276 1291; x_wconf 77' lang='grc' dir='ltr'><em>τελείους</em></span> <span class='ocrx_word' id='word_1_87' title='bbox 1299 1218 1355 1280; x_wconf 78' lang='grc' dir='ltr'><strong>δέν</strong></span> 
     </span>
     <span class='ocr_line' id='line_1_11' title="bbox 252 1318 1401 1404; baseline -0.007 -20"><span class='ocrx_word' id='word_1_88' title='bbox 252 1319 385 1384; x_wconf 83' lang='grc' dir='ltr'><em>έσεσαν·</em></span> <span class='ocrx_word' id='word_1_89' title='bbox 437 1320 531 1400; x_wconf 84' lang='grc' dir='ltr'><em>μόνον</em></span> <span class='ocrx_word' id='word_1_90' title='bbox 553 1319 626 1404; x_wconf 80' lang='grc' dir='ltr'><em>ε”τζη</em></span> <span class='ocrx_word' id='word_1_91' title='bbox 654 1323 815 1386; x_wconf 82' lang='grc' dir='ltr'><em>έστέκετον</em></span> <span class='ocrx_word' id='word_1_92' title='bbox 839 1318 947 1392; x_wconf 72' lang='grc' dir='ltr'><em>καθιῦς</em></span> <span class='ocrx_word' id='word_1_93' title='bbox 969 1326 1038 1392; x_wconf 81' lang='grc' dir='ltr'><em>ταῖς</em></span> <span class='ocrx_word' id='word_1_94' title='bbox 1061 1321 1224 1394; x_wconf 87' lang='grc' dir='ltr'><em>ζονταναῖς</em></span> <span class='ocrx_word' id='word_1_95' title='bbox 1243 1323 1354 1396; x_wconf 78' lang='grc' dir='ltr'><strong>γυναῖ.</strong></span> <span class='ocrx_word' id='word_1_96' title='bbox 1367 1324 1401 1376; x_wconf 86' lang='lat'><strong>10</strong></span> 
     </span>
     <span class='ocr_line' id='line_1_12' title="bbox 253 1407 1354 1513; baseline -0.005 -31"><span class='ocrx_word' id='word_1_97' title='bbox 253 1415 436 1513; x_wconf 35' lang='lat' dir='ltr'><strong>xscppo&#39;sor</strong></span> <span class='ocrx_word' id='word_1_98' title='bbox 458 1420 545 1484; x_wconf 81' lang='grc' dir='ltr'><em>ῦιάτέ</em></span> <span class='ocrx_word' id='word_1_99' title='bbox 564 1424 616 1484; x_wconf 77' lang='lat' dir='ltr'><strong>div</strong></span> <span class='ocrx_word' id='word_1_100' title='bbox 639 1418 752 1498; x_wconf 82' lang='grc' dir='ltr'><em>ὁμιλιο.</em></span> <span class='ocrx_word' id='word_1_101' title='bbox 776 1419 831 1483; x_wconf 78' lang='grc' dir='ltr'><em>κατ’</em></span> <span class='ocrx_word' id='word_1_102' title='bbox 850 1417 1008 1500; x_wconf 84' lang='grc' dir='ltr'><em>έτιέραοαν</em></span> <span class='ocrx_word' id='word_1_103' title='bbox 1026 1418 1148 1498; x_wconf 80' lang='grc' dir='ltr'><em>χρόνοι,</em></span> <span class='ocrx_word' id='word_1_104' title='bbox 1174 1414 1256 1477; x_wconf 83' lang='grc' dir='ltr'><em>ὁτιοῦ</em></span> <span class='ocrx_word' id='word_1_105' title='bbox 1280 1407 1354 1496; x_wconf 77' lang='grc' dir='ltr'><em>ἤτον</em></span> 
     </span>
     <span class='ocr_line' id='line_1_13' title="bbox 253 1513 1354 1602; baseline -0.007 -19"><span class='ocrx_word' id='word_1_106' title='bbox 253 1521 298 1592; x_wconf 81' lang='grc' dir='ltr'><em>εἰς</em></span> <span class='ocrx_word' id='word_1_107' title='bbox 321 1516 378 1599; x_wconf 72' lang='grc' dir='ltr'><em>τήν</em></span> <span class='ocrx_word' id='word_1_108' title='bbox 397 1521 568 1602; x_wconf 55' lang='grc' dir='ltr'><em>καταέιζκην</em></span> <span class='ocrx_word' id='word_1_109' title='bbox 591 1521 646 1582; x_wconf 83' lang='grc' dir='ltr'><em>τοῦ</em></span> <span class='ocrx_word' id='word_1_110' title='bbox 668 1519 852 1602; x_wconf 84' lang='grc' dir='ltr'><em>α’φορισμοῦ</em></span> <span class='ocrx_word' id='word_1_111' title='bbox 875 1514 1117 1598; x_wconf 78' lang='grc' dir='ltr'><em>ἦταλαέτιοτρος.</em></span> <span class='ocrx_word' id='word_1_112' title='bbox 1160 1517 1216 1578; x_wconf 85' lang='grc' dir='ltr'><em>καί</em></span> <span class='ocrx_word' id='word_1_113' title='bbox 1236 1513 1354 1595; x_wconf 76' lang='grc' dir='ltr'><em>ταύτην</em></span> 
     </span>
     <span class='ocr_line' id='line_1_14' title="bbox 253 1612 1356 1702; baseline -0.005 -23"><span class='ocrx_word' id='word_1_114' title='bbox 253 1625 406 1699; x_wconf 75' lang='grc' dir='ltr'><em>γοναῖκαν</em></span> <span class='ocrx_word' id='word_1_115' title='bbox 436 1619 666 1702; x_wconf 77' lang='grc' dir='ltr'><em>ένθυμηθησαν</em></span> <span class='ocrx_word' id='word_1_116' title='bbox 697 1615 727 1680; x_wconf 74' lang='grc' dir='ltr'><strong>οἱ</strong></span> <span class='ocrx_word' id='word_1_117' title='bbox 749 1619 900 1702; x_wconf 83' lang='grc' dir='ltr'><em>κληρικοέ,</em></span> <span class='ocrx_word' id='word_1_118' title='bbox 921 1618 988 1689; x_wconf 75' lang='grc' dir='ltr'><strong>πῶς</strong></span> <span class='ocrx_word' id='word_1_119' title='bbox 1012 1612 1079 1678; x_wconf 78' lang='grc' dir='ltr'><em>ε”ναι</em></span> <span class='ocrx_word' id='word_1_120' title='bbox 1102 1613 1239 1695; x_wconf 73' lang='grc' dir='ltr'><em>βεβαίως</em></span> <span class='ocrx_word' id='word_1_121' title='bbox 1260 1612 1356 1697; x_wconf 74' lang='lat' dir='ltr'><strong>eipso-</strong></span> 
     </span>
    </p>

    <p class='ocr_par' dir='ltr' id='par_1_4' title="bbox 205 1710 1405 2690">
     <span class='ocr_line' id='line_1_15' title="bbox 205 1710 1356 1800; baseline -0.004 -21"><span class='ocrx_word' id='word_1_122' title='bbox 205 1738 206 1742; x_wconf 72' lang='grc'>’</span> <span class='ocrx_word' id='word_1_123' title='bbox 255 1719 398 1800; x_wconf 89' lang='grc' dir='ltr'><em>ρισμένη,</em></span> <span class='ocrx_word' id='word_1_124' title='bbox 427 1714 599 1800; x_wconf 81' lang='grc' dir='ltr'><em>η’ξεῦροντα</em></span> <span class='ocrx_word' id='word_1_125' title='bbox 627 1713 674 1779; x_wconf 77' lang='lat' dir='ltr'><strong>du</strong></span> <span class='ocrx_word' id='word_1_126' title='bbox 697 1717 813 1789; x_wconf 79' lang='grc' dir='ltr'><em>οἶέέκως</em></span> <span class='ocrx_word' id='word_1_127' title='bbox 835 1713 1047 1797; x_wconf 82' lang='grc' dir='ltr'><em>ε’κατηγόρησε</em></span> <span class='ocrx_word' id='word_1_128' title='bbox 1076 1710 1129 1776; x_wconf 77' lang='grc' dir='ltr'><strong>νῦν</strong></span> <span class='ocrx_word' id='word_1_129' title='bbox 1152 1711 1356 1795; x_wconf 82' lang='grc' dir='ltr'><em>σατριάρχην</em></span> 
     </span>
     <span class='ocr_line' id='line_1_16' title="bbox 255 1806 1404 1898; baseline -0.003 -20"><span class='ocrx_word' id='word_1_130' title='bbox 255 1816 392 1896; x_wconf 70' lang='grc' dir='ltr'><em>ἐκεῖνον,</em></span> <span class='ocrx_word' id='word_1_131' title='bbox 423 1814 478 1880; x_wconf 78' lang='grc' dir='ltr'><em>τόν</em></span> <span class='ocrx_word' id='word_1_132' title='bbox 515 1816 695 1898; x_wconf 71' lang='grc' dir='ltr'><em>μακαρίτην</em></span> <span class='ocrx_word' id='word_1_133' title='bbox 730 1816 821 1896; x_wconf 81' lang='grc' dir='ltr'><em>κῦρον</em></span> <span class='ocrx_word' id='word_1_134' title='bbox 850 1817 881 1879; x_wconf 90' lang='grc' dir='ltr'><strong><em>Γ</em></strong></span> <span class='ocrx_word' id='word_1_135' title='bbox 879 1811 1031 1881; x_wconf 76' lang='grc' dir='ltr'><em>εννιέέιον.</em></span> <span class='ocrx_word' id='word_1_136' title='bbox 1087 1811 1141 1876; x_wconf 68' lang='grc' dir='ltr'><em>κατ’</em></span> <span class='ocrx_word' id='word_1_137' title='bbox 1174 1806 1267 1874; x_wconf 78' lang='grc' dir='ltr'><em>εἷσαν</em></span> <span class='ocrx_word' id='word_1_138' title='bbox 1296 1810 1404 1892; x_wconf 76' lang='grc' dir='ltr'><strong>τήνλὸ</strong></span> 
     </span>
     <span class='ocr_line' id='line_1_17' title="bbox 254 1906 1357 1998; baseline -0.005 -23"><span class='ocrx_word' id='word_1_139' title='bbox 254 1908 411 1979; x_wconf 79' lang='grc' dir='ltr'><em>ῦαὸθεσιν</em></span> <span class='ocrx_word' id='word_1_140' title='bbox 444 1916 624 1998; x_wconf 87' lang='grc' dir='ltr'><em>τιαρρησιάν</em></span> <span class='ocrx_word' id='word_1_141' title='bbox 661 1912 715 1978; x_wconf 79' lang='grc' dir='ltr'><em>ἐστ’</em></span> <span class='ocrx_word' id='word_1_142' title='bbox 752 1911 912 1992; x_wconf 78' lang='grc' dir='ltr'><em>συνόδου,</em></span> <span class='ocrx_word' id='word_1_143' title='bbox 945 1906 993 1975; x_wconf 78' lang='grc' dir='ltr'><em>ὅτι</em></span> <span class='ocrx_word' id='word_1_144' title='bbox 1023 1909 1178 1992; x_wconf 83' lang='grc' dir='ltr'><em>η’ξεῦρουν</em></span> <span class='ocrx_word' id='word_1_145' title='bbox 1209 1918 1357 1992; x_wconf 79' lang='grc' dir='ltr'><em>γυναῖκα,</em></span> 
     </span>
     <span class='ocr_line' id='line_1_18' title="bbox 255 1997 1357 2099; baseline -0.008 -24"><span class='ocrx_word' id='word_1_146' title='bbox 255 2013 309 2075; x_wconf 76' lang='grc' dir='ltr'><em>κατ’</em></span> <span class='ocrx_word' id='word_1_147' title='bbox 335 2011 405 2077; x_wconf 82' lang='grc' dir='ltr'><em>έναι</em></span> <span class='ocrx_word' id='word_1_148' title='bbox 438 2013 568 2090; x_wconf 73' lang='grc' dir='ltr'><em>δικαίως</em></span> <span class='ocrx_word' id='word_1_149' title='bbox 600 2014 809 2099; x_wconf 78' lang='grc' dir='ltr'><em>ἀφωρισμένη</em></span> <span class='ocrx_word' id='word_1_150' title='bbox 839 2014 913 2091; x_wconf 84' lang='grc' dir='ltr'><em>παρ’</em></span> <span class='ocrx_word' id='word_1_151' title='bbox 944 2011 1044 2073; x_wconf 70' lang='lat' dir='ltr'><strong>atrei</strong></span> <span class='ocrx_word' id='word_1_152' title='bbox 1074 2013 1132 2073; x_wconf 88' lang='grc' dir='ltr'><em>τοῦ</em></span> <span class='ocrx_word' id='word_1_153' title='bbox 1152 1997 1261 2093; x_wconf 68' lang='grc' dir='ltr'><em>τιροῦην</em></span> <span class='ocrx_word' id='word_1_154' title='bbox 1290 2033 1357 2071; x_wconf 85' lang='grc' dir='ltr'><em>ιτα.</em></span> 
     </span>
     <span class='ocr_line' id='line_1_19' title="bbox 254 2105 1356 2194; baseline -0.004 -20"><span class='ocrx_word' id='word_1_155' title='bbox 254 2115 423 2194; x_wconf 82' lang='grc' dir='ltr'><em>τριάρχου,</em></span> <span class='ocrx_word' id='word_1_156' title='bbox 445 2116 543 2193; x_wconf 78' lang='grc' dir='ltr'><em>τυροῦ</em></span> <span class='ocrx_word' id='word_1_157' title='bbox 566 2116 597 2176; x_wconf 90' lang='grc' dir='ltr'><strong>Γ</strong></span> <span class='ocrx_word' id='word_1_158' title='bbox 595 2115 752 2176; x_wconf 81' lang='grc' dir='ltr'><em>ενναιλιόυ.</em></span> <span class='ocrx_word' id='word_1_159' title='bbox 811 2108 866 2174; x_wconf 84' lang='grc' dir='ltr'><strong><em>καί</em></strong></span> <span class='ocrx_word' id='word_1_160' title='bbox 884 2105 1024 2184; x_wconf 75' lang='grc' dir='ltr'><em>ἀκούσας</em></span> <span class='ocrx_word' id='word_1_161' title='bbox 1045 2112 1138 2173; x_wconf 86' lang='grc' dir='ltr'><em>τοῦτο</em></span> <span class='ocrx_word' id='word_1_162' title='bbox 1159 2107 1175 2169; x_wconf 84' lang='grc' dir='ltr'>ὁ</span> <span class='ocrx_word' id='word_1_163' title='bbox 1196 2105 1356 2191; x_wconf 81' lang='grc' dir='ltr'><em>πατριάρ-</em></span> 
     </span>
     <span class='ocr_line' id='line_1_20' title="bbox 254 2203 1357 2300; baseline -0.001 -29"><span class='ocrx_word' id='word_1_164' title='bbox 254 2234 325 2292; x_wconf 80' lang='grc' dir='ltr'><em>χης,</em></span> <span class='ocrx_word' id='word_1_165' title='bbox 347 2205 397 2274; x_wconf 81' lang='grc' dir='ltr'><em>ὅτι</em></span> <span class='ocrx_word' id='word_1_166' title='bbox 418 2210 536 2294; x_wconf 72' lang='grc' dir='ltr'><em>εὑρέθη</em></span> <span class='ocrx_word' id='word_1_167' title='bbox 560 2212 792 2293; x_wconf 86' lang='grc' dir='ltr'><em>α’φιορισμένος,</em></span> <span class='ocrx_word' id='word_1_168' title='bbox 816 2203 901 2300; x_wconf 73' lang='grc' dir='ltr'><em>εἶπεν</em></span> <span class='ocrx_word' id='word_1_169' title='bbox 917 2203 966 2271; x_wconf 78' lang='lat' dir='ltr'><strong>dn</strong></span> <span class='ocrx_word' id='word_1_170' title='bbox 987 2207 1025 2272; x_wconf 74' lang='grc' dir='ltr'><em>να“</em></span> <span class='ocrx_word' id='word_1_171' title='bbox 1047 2207 1167 2294; x_wconf 70' lang='grc' dir='ltr'><em>εὑρεθῇ</em></span> <span class='ocrx_word' id='word_1_172' title='bbox 1182 2205 1236 2268; x_wconf 68' lang='grc' dir='ltr'><em>καὶ</em></span> <span class='ocrx_word' id='word_1_173' title='bbox 1259 2206 1275 2267; x_wconf 83' lang='grc' dir='ltr'>ὁ</span> <span class='ocrx_word' id='word_1_174' title='bbox 1297 2205 1357 2270; x_wconf 80' lang='grc' dir='ltr'><em>τά·</em></span> 
     </span>
     <span class='ocr_line' id='line_1_21' title="bbox 257 2302 1405 2392; baseline 0 -24"><span class='ocrx_word' id='word_1_175' title='bbox 257 2331 317 2392; x_wconf 87' lang='grc' dir='ltr'><strong>φος</strong></span> <span class='ocrx_word' id='word_1_176' title='bbox 346 2308 460 2392; x_wconf 73' lang='grc' dir='ltr'><em>αὐτῆς,</em></span> <span class='ocrx_word' id='word_1_177' title='bbox 488 2311 549 2372; x_wconf 86' lang='grc' dir='ltr'><strong>σοῦ</strong></span> <span class='ocrx_word' id='word_1_178' title='bbox 573 2306 640 2372; x_wconf 82' lang='grc' dir='ltr'><em>έναι</em></span> <span class='ocrx_word' id='word_1_179' title='bbox 661 2313 815 2391; x_wconf 52' lang='lat' dir='ltr'><strong>‘daniam</strong></span> <span class='ocrx_word' id='word_1_180' title='bbox 848 2306 900 2372; x_wconf 69' lang='lat' dir='ltr'><strong>tsi</strong></span> <span class='ocrx_word' id='word_1_181' title='bbox 939 2307 978 2372; x_wconf 79' lang='grc' dir='ltr'><strong>νῦ</strong></span> <span class='ocrx_word' id='word_1_182' title='bbox 1017 2308 1185 2383; x_wconf 75' lang='grc' dir='ltr'><em>α’νοέξουυ,</em></span> <span class='ocrx_word' id='word_1_183' title='bbox 1223 2302 1261 2369; x_wconf 82' lang='grc' dir='ltr'><strong>νῦ</strong></span> <span class='ocrx_word' id='word_1_184' title='bbox 1297 2302 1405 2388; x_wconf 60' lang='grc' dir='ltr'><em>τήνου</em></span> 
     </span>
     <span class='ocr_line' id='line_1_22' title="bbox 256 2397 1358 2490; baseline -0.002 -22"><span class='ocrx_word' id='word_1_185' title='bbox 256 2407 365 2488; x_wconf 72' lang='lat' dir='ltr'><strong>idcir,</strong></span> <span class='ocrx_word' id='word_1_186' title='bbox 406 2404 444 2470; x_wconf 78' lang='grc' dir='ltr'><strong>νῦ</strong></span> <span class='ocrx_word' id='word_1_187' title='bbox 482 2410 664 2471; x_wconf 77' lang='grc' dir='ltr'><em>πιστωθοῦν</em></span> <span class='ocrx_word' id='word_1_188' title='bbox 702 2410 942 2490; x_wconf 81' lang='grc' dir='ltr'><em>περισσοτέρως.</em></span> <span class='ocrx_word' id='word_1_189' title='bbox 997 2405 1052 2468; x_wconf 80' lang='grc' dir='ltr'><em>κατ’</em></span> <span class='ocrx_word' id='word_1_190' title='bbox 1090 2397 1190 2478; x_wconf 85' lang='grc' dir='ltr'><em>οῦτως</em></span> <span class='ocrx_word' id='word_1_191' title='bbox 1228 2400 1358 2482; x_wconf 80' lang='grc' dir='ltr'><em>έμαθαν</em></span> 
     </span>
     <span class='ocr_line' id='line_1_23' title="bbox 255 2500 1358 2590; baseline -0.003 -23"><span class='ocrx_word' id='word_1_192' title='bbox 255 2503 289 2567; x_wconf 87' lang='grc' dir='ltr'><em>τῦ</em></span> <span class='ocrx_word' id='word_1_193' title='bbox 324 2509 434 2588; x_wconf 76' lang='grc' dir='ltr'><em>μνῆμα</em></span> <span class='ocrx_word' id='word_1_194' title='bbox 470 2506 584 2590; x_wconf 72' lang='grc' dir='ltr'><em>αὐτῆς,</em></span> <span class='ocrx_word' id='word_1_195' title='bbox 614 2505 693 2570; x_wconf 73' lang='lat' dir='ltr'><strong>inssi</strong></span> <span class='ocrx_word' id='word_1_196' title='bbox 724 2500 798 2588; x_wconf 72' lang='lat' dir='ltr'><strong>p³sov</strong></span> <span class='ocrx_word' id='word_1_197' title='bbox 828 2509 969 2586; x_wconf 81' lang='grc' dir='ltr'><em>θαμένη·</em></span> <span class='ocrx_word' id='word_1_198' title='bbox 1013 2508 1069 2568; x_wconf 83' lang='grc' dir='ltr'><em>καί</em></span> <span class='ocrx_word' id='word_1_199' title='bbox 1088 2501 1226 2579; x_wconf 74' lang='grc' dir='ltr'><em>οἰκούσας</em></span> <span class='ocrx_word' id='word_1_200' title='bbox 1248 2502 1266 2563; x_wconf 86' lang='lat' dir='ltr'><strong>o‘</strong></span> <span class='ocrx_word' id='word_1_201' title='bbox 1291 2527 1358 2564; x_wconf 85' lang='grc' dir='ltr'><em>ιτα-</em></span> 
     </span>
     <span class='ocr_line' id='line_1_24' title="bbox 256 2598 1357 2690; baseline -0.008 -20"><span class='ocrx_word' id='word_1_202' title='bbox 256 2603 409 2687; x_wconf 58' lang='lat' dir='ltr'><strong>widem</strong></span> <span class='ocrx_word' id='word_1_203' title='bbox 437 2605 557 2690; x_wconf 76' lang='grc' dir='ltr'><em>ἐχάρη,</em></span> <span class='ocrx_word' id='word_1_204' title='bbox 587 2609 641 2669; x_wconf 80' lang='grc' dir='ltr'><em>κατ’</em></span> <span class='ocrx_word' id='word_1_205' title='bbox 661 2603 781 2688; x_wconf 72' lang='grc' dir='ltr'><em>έδραμε</em></span> <span class='ocrx_word' id='word_1_206' title='bbox 815 2607 871 2687; x_wconf 76' lang='grc' dir='ltr'><em>τῆς</em></span> <span class='ocrx_word' id='word_1_207' title='bbox 900 2598 985 2686; x_wconf 76' lang='grc' dir='ltr'><em>ὥρας</em></span> <span class='ocrx_word' id='word_1_208' title='bbox 1006 2603 1087 2683; x_wconf 82' lang='grc' dir='ltr'><em>μετὰ</em></span> <span class='ocrx_word' id='word_1_209' title='bbox 1116 2605 1178 2665; x_wconf 76' lang='grc' dir='ltr'><em>τῶν</em></span> <span class='ocrx_word' id='word_1_210' title='bbox 1199 2603 1357 2684; x_wconf 76' lang='grc' dir='ltr'><em>κληρικυῖν</em></span> 
     </span>
    </p>
   </div>
   <div class='ocr_carea' id='block_1_3' title="bbox 207 2859 1356 4195">
    <p class='ocr_par' dir='ltr' id='par_1_5' title="bbox 207 2859 1356 4195">
     <span class='ocr_line' id='line_1_25' title="bbox 258 2859 1356 2929; baseline -0.001 -20"><span class='ocrx_word' id='word_1_211' title='bbox 258 2877 354 2929; x_wconf 85' lang='lat' dir='ltr'><strong>corpus</strong></span> <span class='ocrx_word' id='word_1_212' title='bbox 374 2863 485 2929; x_wconf 85' lang='lat' dir='ltr'><strong>precari.</strong></span> <span class='ocrx_word' id='word_1_213' title='bbox 522 2861 564 2914; x_wconf 87' lang='lat' dir='ltr'><strong>sin</strong></span> <span class='ocrx_word' id='word_1_214' title='bbox 585 2870 687 2912; x_wconf 84' lang='lat' dir='ltr'><strong>autem-</strong></span> <span class='ocrx_word' id='word_1_215' title='bbox 705 2863 819 2913; x_wconf 84' lang='lat' dir='ltr'><strong>conficto</strong></span> <span class='ocrx_word' id='word_1_216' title='bbox 844 2862 955 2912; x_wconf 88' lang='lat' dir='ltr'><strong>crimine</strong></span> <span class='ocrx_word' id='word_1_217' title='bbox 984 2859 1170 2927; x_wconf 81' lang='lat' dir='ltr'><strong>indignissime</strong></span> <span class='ocrx_word' id='word_1_218' title='bbox 1197 2859 1284 2927; x_wconf 87' lang='lat' dir='ltr'><strong>ipsum</strong></span> <span class='ocrx_word' id='word_1_219' title='bbox 1308 2873 1356 2908; x_wconf 86' lang='lat' dir='ltr'><strong>ca-</strong></span> 
     </span>
     <span class='ocr_line' id='line_1_26' title="bbox 257 2929 1356 3000; baseline -0.004 -20"><span class='ocrx_word' id='word_1_220' title='bbox 257 2931 389 2982; x_wconf 86' lang='lat' dir='ltr'><strong>lumniata</strong></span> <span class='ocrx_word' id='word_1_221' title='bbox 410 2934 461 2994; x_wconf 88' lang='lat' dir='ltr'><strong>sit,</strong></span> <span class='ocrx_word' id='word_1_222' title='bbox 484 2942 624 2986; x_wconf 71' lang='grc' dir='ltr'><em>τελέοιτο</em></span> <span class='ocrx_word' id='word_1_223' title='bbox 645 2935 729 3000; x_wconf 83' lang='lat' dir='ltr'><strong>ipsam</strong></span> <span class='ocrx_word' id='word_1_224' title='bbox 751 2950 765 2982; x_wconf 92' lang='lat' dir='ltr'><strong>e</strong></span> <span class='ocrx_word' id='word_1_225' title='bbox 786 2949 862 2983; x_wconf 87' lang='lat' dir='ltr'><strong>sacro</strong></span> <span class='ocrx_word' id='word_1_226' title='bbox 887 2933 990 3000; x_wconf 89' lang='lat' dir='ltr'><strong>piorum</strong></span> <span class='ocrx_word' id='word_1_227' title='bbox 1014 2947 1091 2998; x_wconf 80' lang='lat' dir='ltr'>grege</span> <span class='ocrx_word' id='word_1_228' title='bbox 1111 2929 1287 2991; x_wconf 77' lang='lat' dir='ltr'><strong>eliminatam,</strong></span> <span class='ocrx_word' id='word_1_229' title='bbox 1306 2945 1356 2998; x_wconf 74' lang='lat' dir='ltr'><strong>ve-</strong></span> 
     </span>
     <span class='ocr_line' id='line_1_27' title="bbox 256 2997 1353 3066; baseline -0.002 -16"><span class='ocrx_word' id='word_1_230' title='bbox 256 3001 319 3051; x_wconf 86' lang='lat' dir='ltr'><strong>nias</strong></span> <span class='ocrx_word' id='word_1_231' title='bbox 338 3011 469 3052; x_wconf 71' lang='lat' dir='ltr'><strong>exsortem</strong></span> <span class='ocrx_word' id='word_1_232' title='bbox 488 3011 516 3053; x_wconf 90' lang='lat' dir='ltr'><strong>et</strong></span> <span class='ocrx_word' id='word_1_233' title='bbox 535 2997 761 3062; x_wconf 84' lang='lat' dir='ltr'><strong>indissolubilem,</strong></span> <span class='ocrx_word' id='word_1_234' title='bbox 780 3004 920 3053; x_wconf 84' lang='lat' dir='ltr'><strong>voluntate</strong></span> <span class='ocrx_word' id='word_1_235' title='bbox 942 3010 970 3052; x_wconf 86' lang='lat' dir='ltr'><strong>et</strong></span> <span class='ocrx_word' id='word_1_236' title='bbox 987 3001 1090 3051; x_wconf 83' lang='lat' dir='ltr'><strong>iudicio</strong></span> <span class='ocrx_word' id='word_1_237' title='bbox 1110 2999 1154 3050; x_wconf 86' lang='lat' dir='ltr'><strong>dei</strong></span> <span class='ocrx_word' id='word_1_238' title='bbox 1175 3001 1353 3066; x_wconf 86' lang='lat' dir='ltr'><strong>omnipoten-</strong></span> 
     </span>
     <span class='ocr_line' id='line_1_28' title="bbox 257 3069 1354 3138; baseline -0.001 -19"><span class='ocrx_word' id='word_1_239' title='bbox 257 3071 302 3120; x_wconf 85' lang='lat' dir='ltr'><strong>tis.</strong></span> <span class='ocrx_word' id='word_1_240' title='bbox 323 3069 389 3120; x_wconf 79' lang='lat' dir='ltr'><strong>baec</strong></span> <span class='ocrx_word' id='word_1_241' title='bbox 408 3073 463 3121; x_wconf 85' lang='lat' dir='ltr'><strong>ilie.</strong></span> <span class='ocrx_word' id='word_1_242' title='bbox 498 3089 548 3123; x_wconf 89' lang='lat' dir='ltr'><strong>nec</strong></span> <span class='ocrx_word' id='word_1_243' title='bbox 566 3072 612 3122; x_wconf 90' lang='lat' dir='ltr'><strong>diu</strong></span> <span class='ocrx_word' id='word_1_244' title='bbox 632 3071 736 3138; x_wconf 80' lang='lat' dir='ltr'>gladius</span> <span class='ocrx_word' id='word_1_245' title='bbox 762 3071 869 3122; x_wconf 86' lang='lat' dir='ltr'><strong>divinae</strong></span> <span class='ocrx_word' id='word_1_246' title='bbox 896 3073 1009 3122; x_wconf 87' lang='lat' dir='ltr'><strong>ultionis</strong></span> <span class='ocrx_word' id='word_1_247' title='bbox 1033 3071 1163 3134; x_wconf 77' lang='lat' dir='ltr'><strong>emansit,</strong></span> <span class='ocrx_word' id='word_1_248' title='bbox 1183 3069 1231 3120; x_wconf 89' lang='lat' dir='ltr'><strong>sed</strong></span> <span class='ocrx_word' id='word_1_249' title='bbox 1248 3074 1275 3136; x_wconf 95' lang='lat' dir='ltr'><strong>(o</strong></span> <span class='ocrx_word' id='word_1_250' title='bbox 1297 3085 1354 3118; x_wconf 76' lang='lat' dir='ltr'><strong>rein</strong></span> 
     </span>
     <span class='ocr_line' id='line_1_29' title="bbox 257 3139 1354 3210; baseline 0 -22"><span class='ocrx_word' id='word_1_251' title='bbox 257 3141 363 3209; x_wconf 87' lang='lat' dir='ltr'><strong>miram)</strong></span> <span class='ocrx_word' id='word_1_252' title='bbox 385 3141 428 3190; x_wconf 91' lang='lat' dir='ltr'><strong>die</strong></span> <span class='ocrx_word' id='word_1_253' title='bbox 442 3140 505 3190; x_wconf 87' lang='lat' dir='ltr'><strong>iuds</strong></span> <span class='ocrx_word' id='word_1_254' title='bbox 521 3142 727 3210; x_wconf 57' lang='lat' dir='ltr'><strong>,quadragesimo</strong></span> <span class='ocrx_word' id='word_1_255' title='bbox 746 3142 899 3207; x_wconf 73' lang='lat' dir='ltr'><strong>dysenteria</strong></span> <span class='ocrx_word' id='word_1_256' title='bbox 920 3145 1004 3210; x_wconf 83' lang='lat' dir='ltr'><strong>ipsam</strong></span> <span class='ocrx_word' id='word_1_257' title='bbox 1023 3139 1147 3190; x_wconf 85' lang='lat' dir='ltr'><strong>abscidit.</strong></span> <span class='ocrx_word' id='word_1_258' title='bbox 1185 3157 1215 3188; x_wconf 87' lang='lat' dir='ltr'><strong>ac</strong></span> <span class='ocrx_word' id='word_1_259' title='bbox 1236 3139 1354 3206; x_wconf 81' lang='lat' dir='ltr'><strong>pessime</strong></span> 
     </span>
     <span class='ocr_line' id='line_1_30' title="bbox 257 3211 1353 3280; baseline 0 -23"><span class='ocrx_word' id='word_1_260' title='bbox 257 3219 380 3260; x_wconf 85' lang='lat' dir='ltr'><strong>mortuae</strong></span> <span class='ocrx_word' id='word_1_261' title='bbox 399 3220 426 3262; x_wconf 85' lang='lat' dir='ltr'><strong>et</strong></span> <span class='ocrx_word' id='word_1_262' title='bbox 439 3213 563 3263; x_wconf 85' lang='lat' dir='ltr'><strong>humatae</strong></span> <span class='ocrx_word' id='word_1_263' title='bbox 582 3221 651 3262; x_wconf 87' lang='lat' dir='ltr'><strong>terra</strong></span> <span class='ocrx_word' id='word_1_264' title='bbox 663 3229 757 3280; x_wconf 88' lang='lat' dir='ltr'><strong>corpas</strong></span> <span class='ocrx_word' id='word_1_265' title='bbox 771 3230 825 3263; x_wconf 91' lang='lat' dir='ltr'><strong>non</strong></span> <span class='ocrx_word' id='word_1_266' title='bbox 840 3213 973 3272; x_wconf 82' lang='lat' dir='ltr'><strong>dissolvit,</strong></span> <span class='ocrx_word' id='word_1_267' title='bbox 993 3227 1083 3262; x_wconf 88' lang='lat' dir='ltr'><strong>verum</strong></span> <span class='ocrx_word' id='word_1_268' title='bbox 1098 3219 1152 3260; x_wconf 87' lang='lat' dir='ltr'><strong>tam</strong></span> <span class='ocrx_word' id='word_1_269' title='bbox 1164 3211 1353 3275; x_wconf 86' lang='lat' dir='ltr'><strong>inconsumpta</strong></span> 
     </span>
     <span class='ocr_line' id='line_1_31' title="bbox 257 3278 1355 3352; baseline -0.001 -25"><span class='ocrx_word' id='word_1_270' title='bbox 257 3279 416 3350; x_wconf 79' lang='lat' dir='ltr'><strong>integraque</strong></span> <span class='ocrx_word' id='word_1_271' title='bbox 431 3283 557 3333; x_wconf 81' lang='lat' dir='ltr'><strong>remansit</strong></span> <span class='ocrx_word' id='word_1_272' title='bbox 570 3300 648 3352; x_wconf 86' lang='lat' dir='ltr'><strong>quam</strong></span> <span class='ocrx_word' id='word_1_273' title='bbox 669 3291 725 3332; x_wconf 88' lang='lat' dir='ltr'><strong>erat</strong></span> <span class='ocrx_word' id='word_1_274' title='bbox 738 3283 847 3350; x_wconf 81' lang='lat' dir='ltr'><strong>qrrando</strong></span> <span class='ocrx_word' id='word_1_275' title='bbox 865 3282 1057 3350; x_wconf 84' lang='lat' dir='ltr'><strong>sepeliebatur,</strong></span> <span class='ocrx_word' id='word_1_276' title='bbox 1076 3281 1123 3331; x_wconf 85' lang='lat' dir='ltr'><strong>ssd</strong></span> <span class='ocrx_word' id='word_1_277' title='bbox 1141 3297 1175 3331; x_wconf 85' lang='lat' dir='ltr'><strong>ne</strong></span> <span class='ocrx_word' id='word_1_278' title='bbox 1190 3281 1276 3330; x_wconf 84' lang='lat' dir='ltr'><strong>crines</strong></span> <span class='ocrx_word' id='word_1_279' title='bbox 1291 3278 1355 3346; x_wconf 89' lang='lat' dir='ltr'><strong>qui·</strong></span> 
     </span>
     <span class='ocr_line' id='line_1_32' title="bbox 239 3348 1353 3419; baseline -0.002 -21"><span class='ocrx_word' id='word_1_280' title='bbox 239 3370 241 3380; x_wconf 91' lang='grc'><em>·</em></span> <span class='ocrx_word' id='word_1_281' title='bbox 258 3348 318 3399; x_wconf 91' lang='lat' dir='ltr'><strong>dem</strong></span> <span class='ocrx_word' id='word_1_282' title='bbox 337 3353 432 3419; x_wconf 87' lang='lat' dir='ltr'><strong>capitis</strong></span> <span class='ocrx_word' id='word_1_283' title='bbox 453 3353 510 3403; x_wconf 88' lang='lat' dir='ltr'><strong>eius</strong></span> <span class='ocrx_word' id='word_1_284' title='bbox 531 3355 666 3404; x_wconf 81' lang='lat' dir='ltr'><strong>ullatenus</strong></span> <span class='ocrx_word' id='word_1_285' title='bbox 688 3353 871 3414; x_wconf 78' lang='lat' dir='ltr'><strong>defluxerant,</strong></span> <span class='ocrx_word' id='word_1_286' title='bbox 890 3369 982 3404; x_wconf 87' lang='lat' dir='ltr'><strong>verum</strong></span> <span class='ocrx_word' id='word_1_287' title='bbox 1025 3352 1119 3402; x_wconf 89' lang='lat' dir='ltr'><strong>erinde</strong></span> <span class='ocrx_word' id='word_1_288' title='bbox 1139 3353 1197 3418; x_wconf 86' lang='lat' dir='ltr'><strong>ipsa</strong></span> <span class='ocrx_word' id='word_1_289' title='bbox 1216 3367 1244 3400; x_wconf 89' lang='lat' dir='ltr'><strong>se</strong></span> <span class='ocrx_word' id='word_1_290' title='bbox 1266 3349 1353 3398; x_wconf 86' lang='lat' dir='ltr'><strong>babe-</strong></span> 
     </span>
     <span class='ocr_line' id='line_1_33' title="bbox 257 3371 1352 3494; baseline 0.001 -26"><span class='ocrx_word' id='word_1_291' title='bbox 257 3418 305 3470; x_wconf 86' lang='lat' dir='ltr'><strong>bat</strong></span> <span class='ocrx_word' id='word_1_292' title='bbox 322 3437 352 3471; x_wconf 91' lang='lat' dir='ltr'><strong>ac</strong></span> <span class='ocrx_word' id='word_1_293' title='bbox 371 3423 468 3474; x_wconf 88' lang='lat' dir='ltr'><strong>mulier</strong></span> <span class='ocrx_word' id='word_1_294' title='bbox 486 3425 578 3494; x_wconf 79' lang='lat' dir='ltr'><strong>aliqua</strong></span> <span class='ocrx_word' id='word_1_295' title='bbox 594 3425 662 3485; x_wconf 82' lang='lat' dir='ltr'><strong>vivs,</strong></span> <span class='ocrx_word' id='word_1_296' title='bbox 680 3425 733 3474; x_wconf 90' lang='lat' dir='ltr'><strong>nisi</strong></span> <span class='ocrx_word' id='word_1_297' title='bbox 755 3423 828 3493; x_wconf 88' lang='lat' dir='ltr'><strong>quod</strong></span> <span class='ocrx_word' id='word_1_298' title='bbox 846 3441 900 3474; x_wconf 89' lang='lat' dir='ltr'><strong>non</strong></span> <span class='ocrx_word' id='word_1_299' title='bbox 918 3371 1091 3492; x_wconf 70' lang='lat' dir='ltr'><strong>loquebatur.</strong></span> <span class='ocrx_word' id='word_1_300' title='bbox 1129 3430 1258 3472; x_wconf 82' lang='lat' dir='ltr'><strong>ettamen</strong></span> <span class='ocrx_word' id='word_1_301' title='bbox 1271 3419 1352 3469; x_wconf 89' lang='lat' dir='ltr'><strong>multi</strong></span> 
     </span>
     <span class='ocr_line' id='line_1_34' title="bbox 256 3490 1354 3549; baseline 0 -11"><span class='ocrx_word' id='word_1_302' title='bbox 256 3491 319 3541; x_wconf 85' lang='lat' dir='ltr'><strong>anni</strong></span> <span class='ocrx_word' id='word_1_303' title='bbox 341 3510 354 3541; x_wconf 89' lang='lat' dir='ltr'><strong>a</strong></span> <span class='ocrx_word' id='word_1_304' title='bbox 377 3493 603 3546; x_wconf 82' lang='lat' dir='ltr'><strong>condemnatione</strong></span> <span class='ocrx_word' id='word_1_305' title='bbox 635 3495 923 3544; x_wconf 76' lang='lat' dir='ltr'><strong>excommunicationis</strong></span> <span class='ocrx_word' id='word_1_306' title='bbox 954 3495 1011 3544; x_wconf 88' lang='lat' dir='ltr'><strong>eius</strong></span> <span class='ocrx_word' id='word_1_307' title='bbox 1031 3492 1162 3542; x_wconf 82' lang='lat' dir='ltr'><strong>abierant.</strong></span> <span class='ocrx_word' id='word_1_308' title='bbox 1200 3491 1288 3549; x_wconf 86' lang='lat' dir='ltr'><strong>buius,</strong></span> <span class='ocrx_word' id='word_1_309' title='bbox 1307 3490 1354 3538; x_wconf 86' lang='lat' dir='ltr'><strong>in-</strong></span> 
     </span>
     <span class='ocr_line' id='line_1_35' title="bbox 257 3559 1351 3630; baseline -0.001 -21"><span class='ocrx_word' id='word_1_310' title='bbox 257 3579 359 3630; x_wconf 81' lang='lat' dir='ltr'><strong>quam,</strong></span> <span class='ocrx_word' id='word_1_311' title='bbox 379 3564 500 3616; x_wconf 79' lang='lat' dir='ltr'><strong>narrlieris</strong></span> <span class='ocrx_word' id='word_1_312' title='bbox 529 3564 662 3617; x_wconf 84' lang='lat' dir='ltr'><strong>recordati</strong></span> <span class='ocrx_word' id='word_1_313' title='bbox 681 3573 745 3614; x_wconf 91' lang='lat' dir='ltr'><strong>sunt</strong></span> <span class='ocrx_word' id='word_1_314' title='bbox 764 3565 868 3614; x_wconf 81' lang='lat' dir='ltr'><strong>clerici:</strong></span> <span class='ocrx_word' id='word_1_315' title='bbox 895 3580 952 3613; x_wconf 84' lang='lat' dir='ltr'><strong>eam</strong></span> <span class='ocrx_word' id='word_1_316' title='bbox 970 3563 1057 3613; x_wconf 83' lang='lat' dir='ltr'><strong>adhuc</strong></span> <span class='ocrx_word' id='word_1_317' title='bbox 1077 3562 1218 3612; x_wconf 86' lang='lat' dir='ltr'><strong>eiectionis</strong></span> <span class='ocrx_word' id='word_1_318' title='bbox 1237 3559 1351 3610; x_wconf 80' lang='lat' dir='ltr'><strong>vinculo</strong></span> 
     </span>
     <span class='ocr_line' id='line_1_36' title="bbox 255 3631 1352 3704; baseline -0.001 -25"><span class='ocrx_word' id='word_1_319' title='bbox 255 3634 424 3683; x_wconf 81' lang='lat' dir='ltr'><strong>constrictam</strong></span> <span class='ocrx_word' id='word_1_320' title='bbox 448 3636 544 3697; x_wconf 87' lang='lat' dir='ltr'><strong>teneri,</strong></span> <span class='ocrx_word' id='word_1_321' title='bbox 564 3633 733 3704; x_wconf 84' lang='lat' dir='ltr'><strong>quambene</strong></span> <span class='ocrx_word' id='word_1_322' title='bbox 753 3635 876 3686; x_wconf 84' lang='lat' dir='ltr'><strong>sciebant</strong></span> <span class='ocrx_word' id='word_1_323' title='bbox 893 3633 1120 3703; x_wconf 85' lang='lat' dir='ltr'><strong>improbissimam</strong></span> <span class='ocrx_word' id='word_1_324' title='bbox 1140 3633 1180 3682; x_wconf 89' lang='lat' dir='ltr'><strong>ilii</strong></span> <span class='ocrx_word' id='word_1_325' title='bbox 1200 3631 1281 3680; x_wconf 83' lang='lat' dir='ltr'><strong>beato</strong></span> <span class='ocrx_word' id='word_1_326' title='bbox 1301 3646 1352 3696; x_wconf 86' lang='lat' dir='ltr'><strong>pa·</strong></span> 
     </span>
     <span class='ocr_line' id='line_1_37' title="bbox 255 3701 1351 3768; baseline -0.002 -17"><span class='ocrx_word' id='word_1_327' title='bbox 255 3701 385 3752; x_wconf 80' lang='lat' dir='ltr'><strong>triarchas</strong></span> <span class='ocrx_word' id='word_1_328' title='bbox 406 3703 549 3755; x_wconf 86' lang='lat' dir='ltr'><strong>Gennadio</strong></span> <span class='ocrx_word' id='word_1_329' title='bbox 569 3705 730 3755; x_wconf 85' lang='lat' dir='ltr'><strong>calumniam</strong></span> <span class='ocrx_word' id='word_1_330' title='bbox 758 3705 890 3756; x_wconf 82' lang='lat' dir='ltr'><strong>intulisse.</strong></span> <span class='ocrx_word' id='word_1_331' title='bbox 925 3712 1057 3756; x_wconf 83' lang='lat' dir='ltr'><strong>conventu</strong></span> <span class='ocrx_word' id='word_1_332' title='bbox 1089 3703 1351 3768; x_wconf 81' lang='lat' dir='ltr'><strong>igiturcoactopa-</strong></span> 
     </span>
     <span class='ocr_line' id='line_1_38' title="bbox 253 3770 1353 3844; baseline 0 -24"><span class='ocrx_word' id='word_1_333' title='bbox 253 3771 307 3820; x_wconf 87' lang='lat' dir='ltr'><strong>iam</strong></span> <span class='ocrx_word' id='word_1_334' title='bbox 327 3771 422 3824; x_wconf 88' lang='lat' dir='ltr'><strong>dicunt</strong></span> <span class='ocrx_word' id='word_1_335' title='bbox 438 3790 466 3823; x_wconf 78' lang='lat' dir='ltr'><strong>ss</strong></span> <span class='ocrx_word' id='word_1_336' title='bbox 490 3777 558 3826; x_wconf 85' lang='lat' dir='ltr'><strong>scire</strong></span> <span class='ocrx_word' id='word_1_337' title='bbox 576 3776 716 3825; x_wconf 82' lang='lat' dir='ltr'><strong>mulierem</strong></span> <span class='ocrx_word' id='word_1_338' title='bbox 737 3775 806 3824; x_wconf 87' lang='lat' dir='ltr'><strong>iusta</strong></span> <span class='ocrx_word' id='word_1_339' title='bbox 830 3776 966 3826; x_wconf 86' lang='lat' dir='ltr'><strong>sententia</strong></span> <span class='ocrx_word' id='word_1_340' title='bbox 987 3773 1155 3844; x_wconf 86' lang='lat' dir='ltr'><strong>patriarchae</strong></span> <span class='ocrx_word' id='word_1_341' title='bbox 1172 3770 1316 3822; x_wconf 80' lang='lat' dir='ltr'><strong>&#39;Gennadii</strong></span> <span class='ocrx_word' id='word_1_342' title='bbox 1336 3788 1353 3820; x_wconf 84' lang='lat' dir='ltr'><strong>a</strong></span> 
     </span>
     <span class='ocr_line' id='line_1_39' title="bbox 254 3841 1353 3918; baseline -0.001 -28"><span class='ocrx_word' id='word_1_343' title='bbox 254 3843 335 3892; x_wconf 82' lang='lat' dir='ltr'><strong>sacris</strong></span> <span class='ocrx_word' id='word_1_344' title='bbox 354 3845 498 3918; x_wconf 63' lang='lat' dir='ltr'><strong>exclusam.</strong></span> <span class='ocrx_word' id='word_1_345' title='bbox 543 3845 693 3913; x_wconf 85' lang='lat' dir='ltr'><strong>patriarcha</strong></span> <span class='ocrx_word' id='word_1_346' title='bbox 719 3847 867 3907; x_wconf 80' lang='lat' dir='ltr'><strong>Maximus,</strong></span> <span class='ocrx_word' id='word_1_347' title='bbox 886 3844 979 3895; x_wconf 83' lang='lat' dir='ltr'><strong>audito</strong></span> <span class='ocrx_word' id='word_1_348' title='bbox 1002 3843 1115 3894; x_wconf 86' lang='lat' dir='ltr'><strong>cadaver</strong></span> <span class='ocrx_word' id='word_1_349' title='bbox 1133 3841 1353 3892; x_wconf 80' lang='lat' dir='ltr'><strong>excommunica-</strong></span> 
     </span>
     <span class='ocr_line' id='line_1_40' title="bbox 207 3911 1352 3984; baseline 0.001 -24"><span class='ocrx_word' id='word_1_350' title='bbox 207 3975 214 3983; x_wconf 30' lang='grc' dir='ltr'><strong><em>ι</em></strong></span> <span class='ocrx_word' id='word_1_351' title='bbox 254 3919 310 3960; x_wconf 82' lang='lat' dir='ltr'><strong>tom</strong></span> <span class='ocrx_word' id='word_1_352' title='bbox 331 3915 469 3965; x_wconf 85' lang='lat' dir='ltr'><strong>inventum</strong></span> <span class='ocrx_word' id='word_1_353' title='bbox 496 3931 563 3978; x_wconf 86' lang='lat' dir='ltr'><strong>esse,</strong></span> <span class='ocrx_word' id='word_1_354' title='bbox 583 3917 661 3965; x_wconf 88' lang='lat' dir='ltr'><strong>iussit</strong></span> <span class='ocrx_word' id='word_1_355' title='bbox 679 3917 766 3966; x_wconf 87' lang='lat' dir='ltr'><strong>iocum</strong></span> <span class='ocrx_word' id='word_1_356' title='bbox 786 3916 878 3984; x_wconf 83' lang='lat' dir='ltr'><strong>qrraeri</strong></span> <span class='ocrx_word' id='word_1_357' title='bbox 903 3916 1004 3983; x_wconf 87' lang='lat' dir='ltr'><strong>inquo</strong></span> <span class='ocrx_word' id='word_1_358' title='bbox 1024 3914 1160 3982; x_wconf 86' lang='lat' dir='ltr'><strong>sepultum</strong></span> <span class='ocrx_word' id='word_1_359' title='bbox 1184 3911 1299 3971; x_wconf 88' lang='lat' dir='ltr'><strong>iacebat,</strong></span> <span class='ocrx_word' id='word_1_360' title='bbox 1319 3918 1352 3961; x_wconf 85' lang='lat' dir='ltr'><strong>ut</strong></span> 
     </span>
     <span class='ocr_line' id='line_1_41' title="bbox 253 3982 1354 4054; baseline 0.001 -25"><span class='ocrx_word' id='word_1_361' title='bbox 253 3983 377 4048; x_wconf 79' lang='lat' dir='ltr'><strong>sepulcro</strong></span> <span class='ocrx_word' id='word_1_362' title='bbox 394 3994 488 4053; x_wconf 85' lang='lat' dir='ltr'><strong>aperto</strong></span> <span class='ocrx_word' id='word_1_363' title='bbox 508 3987 672 4054; x_wconf 85' lang='lat' dir='ltr'><strong>inspicerent</strong></span> <span class='ocrx_word' id='word_1_364' title='bbox 690 3995 717 4036; x_wconf 91' lang='lat' dir='ltr'><strong>et</strong></span> <span class='ocrx_word' id='word_1_365' title='bbox 736 3987 771 4034; x_wconf 86' lang='lat' dir='ltr'><strong>ds</strong></span> <span class='ocrx_word' id='word_1_366' title='bbox 791 3987 963 4036; x_wconf 74' lang='lat' dir='ltr'><strong>recentiores</strong></span> <span class='ocrx_word' id='word_1_367' title='bbox 982 3986 1090 4036; x_wconf 83' lang='lat' dir='ltr'><strong>fierent.</strong></span> <span class='ocrx_word' id='word_1_368' title='bbox 1125 3983 1199 4034; x_wconf 85' lang='lat' dir='ltr'><strong>missi</strong></span> <span class='ocrx_word' id='word_1_369' title='bbox 1219 3989 1283 4032; x_wconf 69' lang='grc' dir='ltr'><em>ταοὶ</em></span> <span class='ocrx_word' id='word_1_370' title='bbox 1300 3982 1354 4049; x_wconf 85' lang='lat' dir='ltr'><strong>qui</strong></span> 
     </span>
     <span class='ocr_line' id='line_1_42' title="bbox 254 4052 1353 4125; baseline 0.002 -27"><span class='ocrx_word' id='word_1_371' title='bbox 254 4065 423 4118; x_wconf 79' lang='lat' dir='ltr'><strong>quaererent.</strong></span> <span class='ocrx_word' id='word_1_372' title='bbox 460 4057 583 4124; x_wconf 86' lang='lat' dir='ltr'><strong>sepulcro</strong></span> <span class='ocrx_word' id='word_1_373' title='bbox 596 4057 705 4107; x_wconf 81' lang='lat' dir='ltr'><strong>invento</strong></span> <span class='ocrx_word' id='word_1_374' title='bbox 722 4056 838 4121; x_wconf 81' lang='lat' dir='ltr'><strong>garsdere</strong></span> <span class='ocrx_word' id='word_1_375' title='bbox 851 4055 1018 4125; x_wconf 87' lang='lat' dir='ltr'><strong>patriarcha:</strong></span> <span class='ocrx_word' id='word_1_376' title='bbox 1040 4055 1176 4121; x_wconf 79' lang='lat' dir='ltr'><strong>extemplo</strong></span> <span class='ocrx_word' id='word_1_377' title='bbox 1192 4071 1251 4104; x_wconf 88' lang='lat' dir='ltr'><strong>cum</strong></span> <span class='ocrx_word' id='word_1_378' title='bbox 1263 4052 1353 4114; x_wconf 85' lang='lat' dir='ltr'><strong>clero,</strong></span> 
     </span>
     <span class='ocr_line' id='line_1_43' title="bbox 253 4121 1352 4195; baseline 0.002 -25"><span class='ocrx_word' id='word_1_379' title='bbox 253 4123 396 4174; x_wconf 83' lang='lat' dir='ltr'><strong>comitatos</strong></span> <span class='ocrx_word' id='word_1_380' title='bbox 426 4142 522 4194; x_wconf 79' lang='lat' dir='ltr'><strong>magno</strong></span> <span class='ocrx_word' id='word_1_381' title='bbox 551 4127 621 4195; x_wconf 82' lang='lat' dir='ltr'><strong>regis</strong></span> <span class='ocrx_word' id='word_1_382' title='bbox 639 4127 783 4188; x_wconf 87' lang='lat' dir='ltr'><strong>tzauscho,</strong></span> <span class='ocrx_word' id='word_1_383' title='bbox 815 4143 847 4178; x_wconf 89' lang='lat' dir='ltr'><strong>eo</strong></span> <span class='ocrx_word' id='word_1_384' title='bbox 875 4142 991 4178; x_wconf 87' lang='lat' dir='ltr'><strong>currere.</strong></span> <span class='ocrx_word' id='word_1_385' title='bbox 1035 4133 1100 4176; x_wconf 85' lang='lat' dir='ltr'><strong>tunc</strong></span> <span class='ocrx_word' id='word_1_386' title='bbox 1118 4125 1270 4192; x_wconf 84' lang='lat' dir='ltr'><strong>aperientes</strong></span> <span class='ocrx_word' id='word_1_387' title='bbox 1289 4121 1352 4173; x_wconf 84' lang='lat' dir='ltr'><strong>eius</strong></span> 
     </span>
    </p>
   </div>
   <div class='ocr_carea' id='block_1_4' title="bbox 0 0 1482 4816">
    <p class='ocr_par' dir='ltr' id='par_1_6' title="bbox 0 0 1482 4816">
     <span class='ocr_line' id='line_1_44' title="bbox 0 0 1482 4816; baseline 0 0"><span class='ocrx_word' id='word_1_388' title='bbox 0 0 1482 4816; x_wconf 95' lang='lat' dir='ltr'><strong> </strong></span> 
     </span>
    </p>
   </div>
  </div>
 </body>
</html>
