2922 4824
242 270 302 343 82
695 268 891 338 HISTORIA

140 491 143 502 ,
183 428 376 510 ¹1091or'rroua
394 423 482 505 ἑκτῖ,
499 415 546 484 ὅτι
579 415 763 506 ἐσφάγησαν
795 422 840 495 εἰς
865 416 920 482 τὸν
947 415 1095 495 πόλεμον.
1145 407 1231 497 ὅμως
1253 419 1349 503 ἐντρῖ

72 525 73 532 '
249 518 317 600 dan
337 522 359 596 ὁ1
375 518 571 604 πατριάρχης
591 520 719 602 eripiam
739 520 792 584 ἀπ’
814 519 887 596 ἐκεῖ,
906 510 1073 600 καίάφηιιε
1091 514 1146 580 τάν
1165 513 1241 580 ναὸν
1263 517 1347 578 ἐκεῖ·

247 632 302 688 νον
320 622 546 707 οφαλισμὲνον,
569 621 623 684 καί
642 619 761 700 ὑπῆγεν
782 623 827 691 εἰς
847 615 902 681 τὸν
921 613 1105 694 σσολτάνον,
1128 617 1183 680 καί
1202 613 1344 698 άνήιγερε

247 720 284 788 τά
306 721 464 802 γινόμενα,
482 717 538 782 καί
558 716 708 801 ἐζήτησεν
727 717 826 782 αὐτοῦ
846 715 885 780 νά
907 718 966 780 τοῦ
989 713 1076 802 δοάσρ
1098 713 1154 798 τήν
1166 713 1267 796 μονήν
1286 718 1345 796 τῆς

218 895 220 898 ,
246 823 540 901 Παμμαιιαρίοτοο,
563 811 602 880 νά
626 816 682 900 τάν
704 821 805 904 ἑκάμῃ
822 823 1059 897 πατριαρχεῖον.
1101 813 1157 878 κατ’
1175 809 1382 878 incurrat-‚5

245 944 306 997 νος,
328 918 372 992 αἷς
395 913 509 1001 ἢκουσε
531 921 631 1003 rorico,
657 919 721 999 τῆς,
739 913 825 999 οάριις
849 913 963 980 iterra
984 915 1084 976 ον’τοῦ
1107 909 1262 994 ὁρισμόν,
1286 915 1345 976 κατ’

244 1016 338 1101 ἔλαβε
368 1015 421 1082 τάν
451 1018 527 1082 ναὸν
550 1021 605 1099 τῆς
633 1017 931 1096 Παμμοκαρίστοο,
952 1017 1007 1096 τῆς
1034 1010 1210 1093 άπιράγνου
1232 1009 1343 1076 deotri-

243 1143 319 1198 τιον,
353 1121 408 1182 κατ’
436 1116 551 1196 ἔκαμεν
573 1115 669 1199 αὐτὴν
689 1124 934 1196 πατριαρχεῑον,
962 1113 1168 1194 intepretari
1190 1113 1300 1194 κάρτος
1326 1110 1344 1174 ὁ

241 1214 326 1300 θεός,
347 1216 489 1299 Χριστὸς
511 1215 527 1278 ὅ
550 1201 655 1297 σωτὴρ
680 1215 778 1297 ἡμῶν,
796 1217 854 1288 ἓως
876 1215 930 1298 τῆς
952 1214 1129 1285 συντελείας
1148 1215 1205 1275 τοῦ
1227 1213 1343 1284 αἰῶνος

242 1315 448 1399 α’νενόχλητον
460 1319 516 1379 κατ’
536 1315 769 1399 ἀνεπηρέαστον
783 1312 845 1376 α’πὸ
860 1313 973 1386 παντὸς
994 1314 1127 1393 ἐχθροῦ.
1157 1312 1213 1373 κατ’
1231 1313 1342 1385 τοῦτος
1354 1333 1400 1384 10

241 1409 257 1478 ά
282 1413 357 1490 ναὸς
377 1417 432 1494 τῆς
456 1415 736 1494 Παμμακαρίστοο
766 1406 840 1495 ἦτον
863 1408 936 1486 ὅλος
964 1408 1083 1488 ἔξωθεν
1106 1411 1140 1473 τά
1162 1412 1259 1490 γάρον
1279 1409 1341 1470 κά-

240 1535 340 1588 τοικσς
359 1497 573 1592 ἀνθρώπους,
608 1508 647 1574 τά
681 1510 810 1574 tonina
843 1509 966 1592 γεμάτα
997 1503 1051 1591 ὅλη
1074 1508 1093 1592 ἦ
1117 1512 1262 1590 γειτονιά,
1284 1507 1342 1570 κατ’

240 1612 344 1676 ἐπάνω
367 1613 422 1674 καί
439 1610 534 1690 κάτω,
558 1607 639 1675 διότι
660 1603 783 1694 ἦφεραν
799 1609 996 1692 σεργοάνιδες
1016 1602 1181 1686 άπόάλλα
1204 1605 1339 1690 κάστρη,

238 1714 294 1782 κατ’
315 1708 389 1786 roric
409 1713 611 1794 ἑκατοάιησον
628 1711 699 1774 ἐκεῖ.
743 1707 797 1772 διά
819 1713 911 1772 τοῦτο
934 1707 950 1771 ά
974 1705 1186 1793 πατριάρχης,
1207 1704 1340 1780 ἔσοντας

239 1808 277 1872 νά
305 1808 372 1874 ἔναι
395 1806 466 1886 ὅλος
498 1806 513 1871 ά
542 1809 634 1884 τόπος
666 1813 782 1882 ἐκεῖνος
810 1813 867 1891 τῆς
887 1811 1167 1890 Παμμακοιρι’στου
1200 1807 1391 1890 γεμάτοςιό

239 1907 439 1992 ἀνθρώπους,
464 1909 594 1992 ἐζήτησε
617 1911 676 1972 τοῦ
696 1908 880 1992 σουλτάνου,
905 1913 960 1973 κατ’
980 1907 1096 1972 ἔδωκεν
1118 1911 1216 1972 αὐτοῦ
1237 1903 1340 1970 ον’τόν

236 2005 290 2072 τάν
310 2005 397 2084 ναόν,
420 2012 476 2072 καί
493 2008 642 2088 ἐκάθισεν
665 2008 739 2088 ἐκεῖ,
761 2006 816 2070 καὶ
835 2006 891 2071 τάν
914 2004 1011 2088 ἔκαμε
1033 2015 1271 2088 πατριαρχεῖον,
1293 1999 1341 2078 οἷς

235 2104 361 2185 tineus.
405 2099 478 2190 ἦτον
499 2111 533 2174 δὲ
551 2109 596 2182 εἰς
616 2105 672 2171 τάν
693 2105 805 2191 καιρὸν
826 2109 888 2171 τῶν
905 2105 1072 2186 Ῥωμαίων
1094 2099 1174 2187 αὕτη
1195 2105 1213 2186 ἦ
1234 2109 1341 2183 Παμ-

236 2201 429 2287 μακάριστσς
457 2213 634 2286 γυναικεῖον
659 2204 877 2289 μοναοτὴριον.
930 2205 946 2266 ὁ
977 2209 1012 2268 δὲ
1045 2202 1120 2278 ναὸς
1148 2205 1340 2266 αὐτῶντῶν

240 2302 337 2384 άγιίον
359 2304 553 2384 α’ποστόλων,
579 2302 659 2390 ὀποῦ
683 2307 867 2380 ἑκαθέζττον
890 2303 1065 2387 προτήτερα
1088 2299 1103 2366 ὃ
1125 2301 1337 2386 πατριάρχης,
1348 2309 1389 2364 20

236 2399 293 2466 τὰν
317 2401 439 2483 ἔκαμον
466 2403 629 2486 ἱμαρὲτιον
654 2407 712 2467 τοῦ
746 2405 849 2468 adami
882 2407 1020 2468 novistin
1044 2407 1228 2486 Μεχιμὲτη.
1280 2405 1339 2466 κατ’

236 2505 396 2570 στὲαονται
418 2501 516 2584 α’κομί
535 2499 595 2565 α’πά
620 2500 659 2569 τά
679 2505 834 2584 κτίσματα
855 2505 913 2566 τοῦ
935 2506 1014 2567 ναοῦ
1039 2504 1098 2577 ἓως
1127 2499 1335 2586 τησσὴμερον.

239 2737 271 2789 e'o
293 2739 365 2808 quod
387 2746 459 2790 totus
478 2739 525 2789 ilie
541 2740 625 2801 locus,
647 2741 693 2810 qui
710 2741 779 2789 circa
794 2738 991 2808 patriarcheum
1011 2747 1076 2802 erat,
1096 2735 1214 2789 incultus
1235 2744 1262 2788 et
1283 2734 1335 2787 de.

238 2817 324 2860 sertus
346 2817 423 2870 esset,
443 2811 554 2871 civibus,
576 2813 622 2878 qui
647 2811 685 2861 ibi
705 2809 900 2871 habitaverant,
924 2810 952 2860 in
971 2812 1172 2878 expugnatione
1191 2807 1264 2858 urbia
1287 2807 1334 2857 in-

238 2881 374 2942 tersectis,
402 2881 532 2932 necdum
551 2882 611 2932 aliis
630 2882 657 2932 in
678 2883 765 2932 iocum
786 2899 877 2932 eorum
900 2879 1033 2932 deductis.
1078 2881 1220 2931 confestim
1240 2880 1335 2946 itaque

237 2952 390 3020 patriarcha
409 2952 472 3002 inde
500 2953 630 3011 excessit,
651 2953 744 3002 relicto
772 2953 820 3002 ilio
843 2953 954 3018 templo,
976 2951 1120 3016 obserat05
1141 2967 1254 3017 cumque
1275 2949 1334 2998 sni-

238 3030 331 3072 tannm
350 3024 534 3082 convenisset,
556 3021 661 3072 rettulit
685 3021 750 3090 quid
772 3021 870 3072 sactum
890 3029 968 3081 esset,
996 3039 1026 3071 ac
1048 3023 1149 3088 rogavit
1167 3038 1236 3084 erim,
1255 3017 1335 3070 daret

239 3092 289 3142 sibi
309 3094 500 3141 monasterium
521 3091 647 3158 deiparae
663 3093 889 3152 Parnmccariatae‚
907 3101 937 3142 ut
950 3093 976 3140 iu
989 3093 1186 3160 patriarcharum
1207 3098 1333 3142 verteret.

239 3163 362 3211 soltanus
381 3161 432 3210 hoc
452 3161 545 3212 audito
567 3163 661 3211 eadem
681 3179 742 3212 mox
761 3162 825 3212 liora
844 3162 877 3212 de
892 3179 924 3214 eo
943 3163 1096 3214 mandatnm
1116 3163 1202 3214 dedit.
1221 3169 1333 3229 accepto

239 3232 322 3297 igitur
340 3231 519 3282 sanctissimae
539 3231 584 3298 dei
609 3234 746 3299 genitricis
767 3233 984 3283 Pammacaristae
1012 3233 1112 3303 tenipio
1141 3251 1173 3284 ex
1195 3251 1227 3284 eo
1247 3231 1334 3299 patri-

241 3301 337 3352 archae
355 3300 522 3372 domicilium
550 3303 630 3368 fecit;
657 3294 731 3373 quod
763 3304 880 3354 solidum
910 3314 1049 3356 conservet
1074 3304 1197 3356 dominns
1218 3301 1283 3351 deus
1304 3307 1337 3350 et.

241 3381 414 3423 conservator
434 3383 527 3424 noster
541 3372 671 3437 Christus,
690 3373 724 3424 ad
742 3377 999 3426 consummationem
1019 3391 1102 3444 usque
1122 3373 1222 3424 caecidi
1243 3372 1334 3432 lucina,

241 3441 276 3491 ab
306 3445 390 3492 omnis
422 3443 508 3494 hostis
535 3448 677 3502 vexatione
702 3455 729 3494 et
750 3446 915 3496 contumelia
937 3454 1033 3496 tutum.
1081 3453 1137 3496 erat
1158 3445 1185 3494 id
1202 3443 1334 3511 tempium

242 3514 306 3564 foris
326 3522 413 3564 totum
440 3516 608 3566 circumcirca
634 3516 787 3566 habitatum
815 3516 986 3576 hominibus,
1003 3517 1099 3566 vicinia
1117 3524 1174 3566 tota
1194 3513 1336 3564 domorum

243 3585 335 3652 piena,
353 3601 432 3654 supra
454 3595 482 3636 et
500 3587 578 3644 inira,
599 3587 703 3636 colonis
722 3586 832 3637 aliunde
861 3604 891 3636 eu
915 3585 1022 3654 oppidis
1041 3603 1073 3636 eo
1096 3586 1219 3636 <latueris
1240 3586 1336 3653 ibique

243 3655 364 3704 habitare
379 3656 465 3704 iussis.
492 3675 551 3706 cnm
569 3658 660 3726 itaque
672 3657 844 3708 multitudine
857 3657 994 3708 hominum
1008 3665 1080 3708 totus
1091 3658 1139 3708 itte
1151 3665 1249 3708 tractus
1262 3656 1337 3706 cele·

243 3725 297 3775 bris
310 3733 387 3786 esset,
404 3741 433 3775 ea
446 3727 497 3776 fuit
511 3744 588 3777 causa
606 3744 652 3777 cur
664 3727 697 3776 de
716 3744 748 3777 eo
762 3728 910 3794 patriarcha
924 3728 1058 3778 sultanum
1079 3729 1267 3796 appellaverim
1286 3725 1337 3794 qui

245 3805 273 3847 et
293 3797 332 3846 iiii
351 3795 402 3845 hoc
419 3797 550 3863 templum
578 3799 723 3861 concessit3
755 3799 782 3848 in
801 3816 874 3866 quo,
895 3799 928 3848 ab
957 3800 990 3850 'eo
1009 3807 1139 3868 tempore,
1161 3808 1287 3866 tauquam
1305 3797 1338 3846 in

244 3866 415 3932 patriarchen
434 3867 481 3916 ille
503 3868 611 3929 resedit,
632 3871 701 3918 sicut
722 3868 844 3918 diximus.
882 3869 969 3920 suerat
989 3878 1078 3920 autem
1098 3869 1145 3920 sub
1165 3867 1338 3936 imperatori.

245 3937 295 3986 bns
322 3937 448 3988 Romanis
475 3937 542 3986 haec
573 3939 775 3990 Pammacarista
798 3941 945 3990 femineum
975 3940 1146 4006 coenobium.
1192 3955 1282 3989 verum
1301 3954 1338 3988 ex

245 4009 347 4072 templo
369 4009 396 4060 S.
415 4008 616 4077 apostolorum,
639 4011 667 4060 in
686 4027 741 4078 quo
760 4019 839 4060 antea
860 4009 968 4062 sederat
986 4012 1155 4079 patriarcha,
1173 4010 1259 4061 eidem
1280 4009 1337 4073 regi

175 4083 178 4090 '
245 4077 428 4129 Mecbemetae
449 4079 577 4146 templum
600 4080 789 4150 (Himaretium
803 4085 911 4150 vocant)
931 4082 1068 4150 fecerunt3
1089 4091 1216 4152 extatque
1239 4081 1338 4132 etiam·

244 4161 309 4210 num
332 4145 413 4200 hodie
433 4149 538 4220 aliquid
556 4149 589 4203 de
611 4151 708 4220 prioris
727 4152 822 4220 tempii
844 4153 990 4204 structuris.
1078 4143 1081 4153 ¹
