2954 4816
252 229 322 304 111
707 241 903 308 utstotttl

247 393 302 454 mv
322 381 434 472 direpte
460 390 498 454 vd
521 393 631 478 σι’ἐκη·
683 389 778 470 μόνον
806 388 927 474 turpes
956 388 990 451 τὸ
1022 385 1194 452 δικανῖκιον
1222 386 1284 450 ἀπὸ
1305 385 1339 450 τὸ

244 491 326 574 χέὶιη
349 514 417 570 τον,
439 493 494 554 uui
510 489 544 553 τὸ
562 494 695 569 ἐπὲρναν
708 489 859 568 κάτωθεν,
881 491 936 551 καί
948 487 1003 551 τὸν
1025 490 1188 566 ἐξύπνονν,
1210 485 1264 548 καί
1283 489 1342 548 τοῦ

245 587 281 651 τό
306 585 440 652 ἔδαιον.
497 592 553 651 καί
589 589 744 670 ἐμίσησαν
771 585 870 650 αὐτὸν
900 586 916 648 ri
951 587 1076 665 κόσμος,
1097 581 1265 663 ἑσσωμένοι
1286 586 1342 646 καὶ

245 689 368 763 λαϊκοί,
390 689 453 750 «ἕνα
486 689 545 765 μὲν
571 687 632 749 duri
664 681 733 766 τηνΙ
753 684 968 768 καθημερινὴν
986 688 1105 766 μέθην,
1125 678 1202 744 ἄλλο
1227 683 1262 745 δὲ
1284 680 1342 742 nal

245 783 308 846 αἰιό
323 782 378 867 την
395 789 545 864 γλῶτταν,
565 783 648 847 ducti
669 786 723 848 ιῘὲν
742 779 850 866 ἐγρίκα
866 783 1053 863 Ῥωμαίϊκα,
1073 779 1172 856 μόνον
1188 784 1365 860 Σέρβικα,5

245 878 336 967 διότι,
358 879 401 956 uic
420 883 561 964 εἴπαμεν,
583 877 655 965 ἦνον
677 877 740 946 dub
762 879 966 964 τηνΣιρβίαν
990 877 1044 944 καί
1065 877 1168 959 ducite
1193 883 1340 958 Σέρβικα,

243 987 298 1046 καί
311 984 630 1060 Ῥωιιαιῒκα,τελειἰος
654 985 707 1047 tte
731 983 856 1064 s'ypr'xa·
899 979 995 1060 μόνον
1016 974 1082 1060 εἶχε
1106 975 1338 1061 δραγοομσίνον,

243 1075 324 1143 duos?
346 1082 458 1159 ὁμίλιε.
718 1075 722 1085 ’

182 1192 230 1244 131
325 1179 397 1244 Καὶ
427 1179 514 1243 siccis
542 1178 636 1260 ἔλαβε
665 1180 721 1244 τὸν
742 1176 972 1260 πατριαρχικὸν
999 1178 1120 1259 θρόνον,
1144 1175 1225 1239 ὀποῦ
1248 1173 1340 1250 ἔταξε

240 1287 310 1351 ταῖς
334 1279 392 1340 tlv'o
411 1276 553 1358 χιλιάδες
573 1277 610 1344 ccl
636 1283 773 1362 φλωριά,
793 1277 832 1343 ed
855 1277 891 1342 τὰ
916 1279 997 1341 (lton
1021 1279 1119 1340 καθὲν
1135 1275 1256 1357 ’χρόνον
1270 1299 1338 1354 yu—
1353 1288 1390 1340 ¹0

241 1375 380 1458 ριὶτζιον,
402 1371 484 1459 ἦλθε
505 1377 540 1442 τό
561 1383 647 1452 τέλος
670 1382 727 1440 τοῦ
748 1379 867 1460 χρόνον
890 1375 928 1439 vd
948 1375 985 1440 τοὶ
1010 1373 1105 1460 cidon.
1130 1373 1185 1436 καί
1204 1369 1339 1454 ἔκραξαν

240 1476 339 1540 ου’τὸν
353 1479 398 1548 εἰς
412 1475 447 1540 sd
462 1476 574 1560 διβάνη
589 1475 617 1540 οἱ
634 1476 799 1560 πασιιέδες,
818 1475 872 1544 καὶ
887 1479 1043 1559 ἐζήτησαν
1059 1477 1161 1540 αὐτοῦ
1183 1471 1218 1536 τὸ
1234 1470 1340 1553 χαρά·

239 1578 336 1652 τζιον,
352 1573 460 1648 καθώς
475 1574 636 1656 ὖαεσχέθη
654 1576 692 1638 eri
709 1577 799 1638 δι’δει.
815 1577 869 1637 καί
883 1579 988 1648 recisos
1000 1567 1070 1637 οὔτε
1080 1571 1244 1654 χαράτζην
1255 1567 1341 1651 εἶχεν

239 1670 309 1738 οὔτε
326 1671 417 1737 τινάν
430 1671 561 1758 βοηθόν,
584 1675 621 1738 νιὲ
639 1678 696 1738 τοῦ
708 1671 873 1758 βοηθήσῃ,
896 1666 968 1737 οὔτε
993 1671 1053 1736 clun*
1079 1670 1152 1746 τοὺς
1172 1667 1341 1754 κληρικοός

239 1765 312 1836 οὔτε
339 1771 401 1834 duci
417 1771 492 1846 τούς
518 1767 674 1852 ἄρχοντας
697 1765 771 1834 οὔτε
792 1771 853 1834 duc*
877 1775 931 1836 τοῦ
951 1774 1040 1835 λαοῦ.
1090 1775 1145 1834 καί
1158 1767 1280 1842 *idduae
1311 1764 1340 1830 οἱ
1354 1785 1390 1836 15
1415 1777 1420 1785 “

182 1897 186 1904 “
237 1869 392 1943 πασιιὶδες
408 1864 457 1934 ὅτι
473 1873 620 1952 ἐγέλασεν
639 1870 768 1952 αὐτούς,
788 1869 905 1950 ἔβαλαν
924 1869 1019 1934 αὐτὸν
1039 1873 1083 1946 εἷς
1105 1871 1161 1953 τήν
1183 1866 1341 1954 φυλακήν.

238 1969 293 2032 aar*
304 1966 375 2052 ἐίζη
398 1971 556 2049 ἐπέρασαν
578 1969 694 2052 ἡμέραν
717 1972 834 2052 ὀλίγαι,
854 1973 909 2034 καί
928 1969 1058 2053 ἐζήτησε
1082 1967 1168 2050 παρὰ
1191 1972 1254 2031 ταῖν
1277 1993 1342 2030 ποι-

239 2065 359 2132 σιάδιον
380 2070 504 2149 θέλημα
527 2067 566 2132 vul
589 2073 644 2132 rori
666 2068 800 2148 θιάσουσ,
825 2068 863 2132 vd
882 2063 957 2156 εῧγη
971 2067 1030 2133 ἀπὸ
1050 2069 1106 2150 την
1127 2067 1280 2155 φυλακην,
1301 2068 1344 2132 νοὶ

239 2173 394 2247 περιιοιιῖ
412 2166 604 2250 ἐλεημοσύνη
617 2166 677 2229 ἀπὸ
696 2167 768 2242 τούς
782 2169 1007 2249 Χριστιανούς,
1028 2167 1137 2252 μηνιως
1152 2167 1207 2231 καί
1219 2163 1341 2253 σννὰξῃ

240 2258 301 2326 sint
323 2259 356 2327 τό
380 2267 477 2345 χρέος
497 2263 533 2328 τό
557 2266 754 2329 ου’θεντικόν.
797 2271 852 2330 καί
871 2265 944 2350 ἕτζη
965 2261 1086 2349 ὅρισαν,
1111 2269 1239 2330 καὶτοῦ
1264 2263 1340 2346 ἔβα·
1351 2270 1390 2322 ²0

240 2368 299 2426 λαν
325 2361 394 2425 α’ντί
411 2365 468 2426 τοῦ
489 2367 715 2447 ἑαιτριιχηλιόυ
738 2370 793 2428 καί
813 2367 998 2450 ω’μοφορίσυ
1012 2360 1150 2430 ἄλυσσον
1170 2363 1341 2446 σιδηρὲνιοι

240 2464 354 2545 βαρέα,
377 2459 432 2525 καί
453 2465 511 2526 τοῦ
527 2460 648 2528 ἔδωκαν
681 2463 737 2528 καί
767 2467 840 2530 ἕνον
864 2470 1018 2548 Τοῦρκον·
1068 2467 1124 2530 καί
1148 2463 1203 2528 τὸν
1225 2461 1342 2544 ἔσνρνε

243 2755 380 2807 stulerunt
398 2755 488 2825 eique,
507 2772 566 2808 cum
589 2773 604 2808 e
622 2775 715 2810 somno
735 2759 905 2824 excitassent,
924 2759 1109 2812 reddiderunt.
1129 2777 1179 2830 qua
1201 2759 1234 2810 dc
1255 2776 1337 2810 carrea

244 2827 367 2876 omuibus
387 2825 450 2876 odio
470 2827 529 2886 luit,
548 2838 604 2880 tum
626 2830 788 2880 consecratis
808 2830 962 2880 bominibus
984 2840 1040 2882 tum
1060 2831 1150 2892 laicis,
1173 2831 1254 2898 idque
1275 2847 1339 2896 par-

243 2897 291 2945 tim
310 2903 421 2964 propter
440 2897 627 2965 quotidianum
646 2901 844 2955 temulentiam,
863 2902 959 2966 partim
979 2909 1089 2970 propter
1109 2902 1215 2966 liuguae
1234 2901 1344 2948 rudita-

244 2973 308 3014 tem.
345 2965 447 3015 Graeca
477 2969 547 3016 enim
579 2986 634 3017 non
653 2968 793 3030 callebat,
819 2970 864 3018 sed
887 2972 1117 3020 tantum'Service
1137 2971 1247 3030 sciebat,
1265 2985 1339 3037 quo-

245 3036 327 3093 niam,
347 3042 377 3084 ut
396 3044 475 3084 antea
494 3035 618 3094 elisimus,
637 3053 651 3084 e
672 3038 763 3086 Servia
783 3055 865 3103 genus
885 3039 1009 3090 ducebat.
1057 3042 1150 3107 itaque
1170 3041 1276 3089 Sereice
1297 3039 1345 3087 lo·

247 3103 391 3170 quebatur,
410 3103 538 3154 Graecam
563 3107 679 3169 linguam
701 3124 808 3172 prorsus
831 3125 884 3159 uon
900 3109 1080 3177 intelligebat,
1102 3109 1149 3159 scd
1169 3109 1278 3178 quando
1299 3110 1345 3158 lo·

248 3171 387 3239 quendum
408 3181 473 3234 erat,
492 3174 640 3240 interprete
662 3175 796 3225 utebatur.

320 3257 384 3308 Cum
404 3256 455 3308 hoc
488 3259 568 3308 modo
598 3259 722 3310 thronum
753 3263 961 3323 conscendisset,
990 3263 1189 3329 pollicitatione
1209 3264 1249 3314 bis
1267 3264 1344 3314 mille
1414 3287 1418 3296 ·

250 3325 407 3377 ducatorum
427 3330 573 3397 quotannis
593 3331 759 3398 protributo
779 3332 1032 3400 persolvendorum,
1055 3334 1155 3402 primus
1179 3351 1265 3384 annus
1284 3334 1345 3382 ela·

250 3413 313 3464 psus
334 3405 382 3459 est,
401 3405 429 3448 et
447 3398 607 3449 cbaratzlum
630 3409 687 3450 erat
704 3400 830 3452 dandum.
877 3403 1073 3452 accersiverunt
1092 3420 1154 3470 ergo
1174 3405 1260 3472 ipsum
1280 3402 1348 3452 bas-

251 3483 296 3516 sae
318 3466 345 3516 in
365 3475 502 3532 senatum,
530 3471 698 3536 postulantes
728 3471 762 3520 ab
795 3488 827 3521 eo
857 3473 1014 3538 promissum
1037 3471 1209 3524 clraratzium.
1246 3481 1273 3524 at
1291 3473 1347 3523 iste

252 3536 367 3604 simplex
387 3554 438 3588 nec
455 3539 618 3590 cbaratzium
636 3539 763 3600 babebat,
782 3557 832 3591 nec
852 3557 1012 3609 quemquam
1033 3544 1078 3610 qui
1095 3545 1146 3608 ipsi
1168 3550 1348 3604 succurreret,
1379 3565 1383 3570 ¹

252 3623 307 3656 non
328 3606 462 3669 clericum,
483 3625 538 3658 non
558 3609 712 3675 primarium
731 3612 826 3670 virum,
844 3629 898 3661 nors
917 3611 950 3660 de
970 3613 1072 3679 populo
1088 3614 1183 3662 ullum.
1219 3612 1347 3672 videntes

253 3692 316 3742 ergo
336 3676 428 3726 bassae
449 3693 477 3727 se
497 3679 529 3726 ab
551 3678 610 3744 ipso
629 3677 737 3729 delusos
760 3696 826 3738 esse,
846 3689 1038 3748 compegerunt
1059 3683 1184 3732 miserum
1205 3685 1233 3732 in
1253 3698 1349 3731 carce·

254 3763 318 3796 rem.
356 3745 452 3813 elapsis
472 3747 577 3815 aliquot
597 3747 693 3798 diebus
712 3750 792 3816 petiit
810 3749 862 3800 sibi
880 3750 1064 3801 facultatema
1083 3752 1169 3802 bassis
1188 3751 1243 3801 dari
1262 3767 1276 3800 e
1295 3768 1349 3800 cu-

234 3815 342 3866 ·stodia
362 3813 477 3865 exeundi
498 3815 533 3866 ob
561 3817 705 3882 cogendam
733 3835 747 3866 a
770 3819 927 3870 Christianis
948 3822 1059 3888 stipem,
1087 3823 1108 3871 si
1130 3822 1200 3874 sorte
1221 3837 1254 3871 cx
1271 3822 1351 3869 elee-

255 3901 383 3950 mosynae
401 3885 564 3935 collectione
580 3897 679 3954 posset,
698 3888 771 3954 quod
792 3889 855 3938 fisco
880 3889 1005 3952 debebat,
1023 3892 1177 3958 persolvere
1198 3899 1352 3958 paruerunt

256 3955 315 4002 illi:
335 3953 381 4004 sed
399 3956 458 4006 loco
480 3955 631 4007 indumenti
651 3957 715 4006 colli
728 3966 756 4008 et
773 3958 943 4010 humerorum
959 3969 1081 4010 catenam
1103 3962 1126 4010 ei
1149 3961 1262 4012 ferream
1284 3965 1349 4024 gra:

255 4039 314 4074 vem
334 4025 502 4087 iniecerunt,
530 4025 656 4088 adiuncto
684 4027 789 4089 'surca,
817 4029 864 4097 qui
885 4047 945 4081 eum
964 4029 1089 4082 trahebat
1119 4039 1146 4082 ct
1166 4028 1349 4082 custodiebat.
