2946 4830
470 325 769 403 mmmmm
797 335 838 401 ΙΙ.
1122 325 1196 408 23?

100 486 287 604 Ζαγσρίιον,
308 487 388 556 ἄλλό
406 489 446 576 δὴ
467 497 524 558 καί
544 497 600 580 τῆς
621 457 884 578 Δρυὶνουπόλεας
896 495 978 580 μετά
1000 499 1059 564 τοῦ
1081 497 1197 585 'Acro-

99 583 277 671 ροκάστρου
306 593 362 654 καί
389 595 453 657 ττόν
474 595 621 676 μεγάλων
643 601 831 680 Ζαγορί,οον
864 601 1003 680 naseam
1021 601 1119 684 μέχρι
1141 604 1197 666 τοῦ

100 688 352 771 Μεσοποτάμοο.
404 694 551 760 κάκεῖθεν
581 700 616 762 δὲ
648 703 752 763 θέλων
784 701 921 764 διελθεῖν
954 698 1033 782 πρός
1055 698 1094 766 τό
1114 707 1197 827 μέρη

98 791 153 869 τῆς
175 791 366 877 Δί’βρης,
352 798 501 861 επόπεσεν
522 797 570 894 εἰτ’
593 797 711 876 αότοός
740 800 856 918 γνόφος
881 827 933 866 τιαι
928 799 1085 883 edema,
1108 800 1197 869 καλό

76 885 213 974 5Γιόνης
234 894 422 959 α’κολοοθοόν
442 887 561 974 ου’τοός
590 898 672 963 κατά
695 893 810 982 κράτος
832 905 923 989 νικηῖ,
946 900 1001 966 καί
1019 905 1064 978 εἷς
1084 911 1197 986 χειρας

100 989 200 1056 αότοῦ
233 992 426 1081 όδεσπότης
446 995 586 1084 ἐξέδοτο,
616 996 781 1090 ἧμὲρηιλ,
816 951 1058 1085 Ἀπριλλίοοθ,
1079 1007 1135 1069 καί
1151 1005 1197 1081 είς

100 1091 201 1173 δεσμά
220 1093 276 1158 καί
298 1097 506 1180 στρεβλιόσεις
532 1100 609 1182 μετά
644 1105 704 1166 τοῖν
725 1104 890 1185 ἀρχόντων
912 1105 1013 1169 αότοό
1033 1100 1197 1170 άποτιλείε-

97 1217 160 1258 ται.
203 1192 286 1278 ἔχων
305 1189 361 1262 σόν
384 1194 400 1260 6
423 1199 574 1284 δεσπότης
602 1206 748 1288 γνησίους
770 1215 929 1288 συγγενεῖς
948 1203 1008 1269 α’πό
1032 1209 1095 1271 τεόν
1116 1209 1195 1271 ἐντί-

45 1320 165 1376 μων
187 1294 352 1380 α’ρχόντιον
374 1304 429 1384 τη”ς
441 1303 618 1427 περιδόξοη
638 1303 878 1386 μεγαλοπόλειος
894 1309 1104 1391 Φλωρεντίας,
1122 1305 1195 1372 οἰνέ-

61 1389 278 1480 λθδραμον
239 1421 326 1462 ουτοι
348 1403 392 1476 εἰς
412 1400 469 1484 την
495 1398 652 1486 ἑταιρείαν
672 1407 727 1489 τῆς
748 1410 917 1490 Βενετί,ας
940 1433 993 1472 και
1015 1402 1197 1492 ἐρωτήσαν-

96 1521 146 1572 τες
164 1501 240 1582 περί
259 1503 318 1562 τοῦ
347 1499 499 1567 δεσπότου
530 1505 673 1586 α’πῆλθον
701 1504 780 1591 πρός
801 1504 856 1569 τόν
881 1506 991 1589 βάϊλον
1024 1513 1079 1592 τῆς
1099 1506 1195 1593 νήσου

96 1600 362 1686 τάνΚορυφων,
386 1603 441 1665 κατ’
461 1591 608 1684 ἐξέβαλον
636 1605 730 1671 αότόν
764 1608 809 1681 εἰς
841 1609 916 1671 δέκα
936 1605 1085 1690 χιλιάδας
1108 1615 1196 1695 φλοτ·

97 1703 175 1780 ρίτον
196 1691 259 1762 άτιό
282 1707 338 1764 τοῦ
358 1701 646 1787 Ἆργυροκόστρου.
691 1730 832 1789 περασας
845 1711 1001 1772 τοίνυν
971 1731 1016 1784 εις
1035 1731 1108 1783 τους
1125 1711 1196 1772 Κο-
1253 1735 1255 1742 ·

95 1801 238 1885 ρυφοός,
268 1800 323 1866 καί
355 1803 568 1884 διαμείναςι
551 1810 671 1891 ημὲρας
705 1805 813 1888 τινάς,
850 1809 1044 1872 α’πίπλευοτν
1069 1810 1114 1883 εἰς
1137 1806 1195 1894 την

58 1899 188 1982 λόόγίαν
211 1901 372 1985 Μαόραν·
416 1907 560 1970 κάκεῖθεν
583 1905 735 1986 διαβάντα
757 1912 802 1982 τίς
824 1906 863 1973 τά
887 1914 969 1993 με’ρη
995 1911 1022 1974 Γ
1021 1912 1196 1990 ροβαλαίας

95 2001 241 2080 ἐδέξαντο
265 2003 360 2069 αότόν
381 2005 545 2081 οἷσπασίοος
568 2003 584 2070 6
613 2010 763 2089 πενθερὸς
786 2011 888 2072 αότοό
908 2007 989 2090 μετά
1014 2011 1072 2074 τοῦ
1093 2005 1195 2094 Σγοό-
1276 2069 1278 2079 ,

95 2124 153 2184 ρον
176 2107 235 2166 τοῦ
255 2103 397 2192 άδελφοῦ
418 2107 529 2190 αὑτοῦ,
552 2111 608 2174 καί
628 2109 776 2192 εἰσῆλθεν
792 2106 879 2185 όντός
902 2113 956 2192 τῆς
978 2108 1098 2185 πόλεως
1110 2105 1193 2194 Ἀρ.

93 2229 165 2288 της·
208 2198 275 2269 εἶτα
294 2208 373 2290 πρός
393 2207 451 2292 την
473 2207 564 2274 πόλιν
584 2211 645 2274 rosv
662 2211 844 2276 Ἰωαννίνοιν
865 2213 1118 2297 παραπέμπεται.
1141 2217 1195 2280 ε’ν-

94 2311 202 2372 rama
227 2310 374 2392 εἰσῆλθεν
394 2312 524 2374 Ἰουλίου
550 2313 598 2383 17,

56 2422 87 2477 00
186 2404 271 2475 Ἔτει
305 2414 340 2474 δὲ
366 2411 469 2490 6908,
492 2415 681 2488 ι’νδικτιοῖνος
703 2419 741 2500 8,
780 2414 842 2478 όπό
875 2418 911 2480 δὲ
935 2419 1081 2498 Χριστοῦ
1105 2418 1194 2499 1400,

94 2513 280 2594 Ἀπριλλίου
317 2513 377 2588 98,
411 2508 514 2600 ἦμόρρι
536 2514 615 2592 4,ό
645 2515 795 2599 δεσπότης
817 2517 958 2599 α’πηλθεν
978 2515 1195 2604 ε’κεῖθειιπρός

92 2611 132 2676 τά
155 2614 310 2694 μέλλοντα
341 2614 567 2698 δικαιωτήρια,
602 2614 657 2680 κατ’
681 2619 862 2702 παραυτίκα
891 2611 1070 2702 όάδελφδς
1093 2616 1195 2682 αότοῦ

93 2715 234 2797 Σγοόρος
265 2703 458 2800 τη’ν”Αρταν
487 2712 745 2804 παραλαμβάνει.
795 2717 862 2798 μετ’
888 2713 996 2801 δλίγας
1019 2718 1054 2782 δὲ
1073 2711 1195 2803 ἡμέρας

94 3043 122 3089 et
139 3034 323 3106 Argyrocaatri
352 3043 379 3089 et
385 3036 494 3106 magni
513 3036 625 3105 Zogorii
644 3038 781 3106 profectus
801 3044 841 3090 eat
869 3051 954 3107 usque
981 3034 1015 3087 ad
1035 3033 1193 3106 Mesopota·

92 3127 173 3162 mum.
213 3109 286 3160 unde
304 3123 363 3160 cum
382 3097 416 3158 'ad
444 3109 580 3176 regionem
600 3109 699 3160 Dibrae
720 3111 833 3160 transire
854 3108 952 3172 vellet,
974 3109 1008 3160 iia
1026 3105 1123 3160 accidit
1141 3123 1194 3160 ne-

91 3181 157 3232 bula
177 3187 206 3231 et
218 3189 314 3232 ventur
336 3187 363 3231 et
382 3181 483 3232 Giones
504 3198 549 3232 eos
569 3190 675 3252 secutos
703 3170 824 3232 funditus
843 3181 934 3245 vincit,
955 3189 1037 3251 atque
1057 3180 1115 3232 eius
1133 3195 1192 3230 mo·
1237 3228 1240 3244 ,

91 3254 173 3304 nibus
193 3251 318 3303 dominus
336 3251 452 3303 traditos
472 3261 521 3314 eat,
541 3253 628 3317 dica,
646 3247 743 3304 mensis
765 3251 967 3322 Apriliedie9,
991 3260 1019 3304 et
1039 3250 1193 3304 invinculn

92 3333 119 3375 et
137 3324 272 3377 cruciatus
292 3341 351 3374 cum
373 3292 542 3393 principib6e
561 3325 615 3374 suis
635 3324 722 3376 datur.
768 3341 826 3374 cum
847 3325 930 3389 igitur
948 3291 1074 3377 (fominus
1092 3339 1193 3392 cogn·

90 3403 133 3447 tos
154 3396 274 3463 insignes
296 3412 329 3445 ex
348 3395 487 3446 nobilibus
502 3395 671 3465 principibus
693 3394 766 3445 urbis
784 3395 947 3444 clarissimae
967 3395 1121 3445 Florentiae
1141 3395 1193 3446 ha-

89 3465 178 3530 beret,
199 3467 227 3518 hi
246 3465 280 3517 ad
299 3468 397 3516 amicos
418 3468 548 3518 Venetiae
567 3467 762 3534 confugerunt.
781 3473 885 3516 etcum
907 3467 1069 3516 sententiam
1088 3464 1122 3515 de
1141 3465 1191 3516 δο-

88 3540 165 3590 mino
186 3548 339 3606 rogassent,
362 3539 397 3588 εδ
416 3538 532 3605 legatum
553 3540 657 3589 insulae
679 3539 810 3602 Corcyrae
840 3536 966 3586 abierunt
985 3543 1012 3586 et
1030 3551 1079 3604 pro
1097 3529 1191 3588 Uocem

88 3612 204 3661 milibus
224 3622 365 3660 aureorum
394 3627 426 3660 ex
446 3612 633 3677 Argyrocastro
661 3626 722 3660 eum
742 3609 898 3659 liberarunt.
935 3615 1114 3675 transgressos
1137 3607 1191 3674 igt-

92 3683 163 3732 τοτ’
156 3699 186 3732 τα
205 3680 347 3747 Corcyram
367 3689 395 3732 et
416 3691 534 3732 moratos
556 3681 614 3733 dieo
635 3681 782 3734 nonnullos
805 3689 921 3731 sanctem
945 3679 1063 3729 Mauram
1082 3679 1190 3746 navigio

88 3756 198 3822 petivit,
220 3752 292 3803 unde
311 3761 499 3821 transgressum
522 3755 548 3803 io
569 3755 703 3821 regionem
725 3751 891 3804 Grobataees
910 3752 975 3802 laeti
999 3766 1060 3802 eum
1079 3766 1191 3819 accepe-

89 3833 155 3875 runt
173 3839 249 3874 socer
269 3823 327 3874 eius
347 3834 375 3876 et
396 3826 496 3892 Sgorus
516 3824 604 3886 frater,
625 3833 652 3876 et
672 3827 880 3875 introvitrtrtam
903 3821 1004 3882 urbam,
1024 3821 1124 3873 deinde
1145 3839 1191 3872 ur-

88 3897 153 3946 bem
173 3897 332 3946 loanninam
350 3897 488 3964 profectus
507 3905 557 3958 eat,
579 3905 605 3950 et
625 3897 691 3946 illue
711 3896 754 3946 die
777 3895 807 3946 17
836 3896 932 3946 mensis
952 3895 1012 3944 lotii
1036 3893 1155 3944 advenit.
1193 3926 1205 3936 -

90 4001 94 4008 ι
192 3969 269 4018 Anno
289 3965 368 4031 6908,
388 3966 632 4036 rndrctronre8‚p
655 3967 715 4018 Chr.
736 3966 854 4030 n.1400‚
874 3967 918 4018 die
938 3965 973 4018 28
991 3965 1089 4016 mensio
1111 3965 1190 4033 Apri·

88 4039 133 4100 lie,
153 4037 198 4088 die
220 4048 323 4108 quarto,
343 4048 471 4105 tyrannus
499 4056 530 4088 er
551 4038 600 4090 hoc
626 4048 696 4089 terra
718 4038 752 4088 ad
780 4005 908 4097 λιιδλόίοαι
930 4038 1048 4088 futurum
1070 4037 1191 4101 secernit,

89 4110 241 4178 statimque
269 4111 368 4177 Sgurus
399 4111 480 4161 frater
500 4112 557 4161 eine
575 4113 664 4160 Aetam
687 4111 796 4178 recepit.
819 4113 909 4180 paucio
928 4109 1022 4160 diebus
1043 4115 1103 4176 poet
1124 4127 1190 4160 con-

89 4190 133 4233 tra
152 4199 215 4233 eum
236 4183 354 4233 Boncoea
375 4180 809 4248 Serbalbanitobutgorovatachue
828 4181 1014 4251 proficiscitur,
1030 4189 1058 4231 et
1076 4180 1190 4246 Sgurum

91 4255 220 4328 expellit,
240 4255 344 4309 incolas
363 4263 452 4310 cutem
474 4271 506 4308 ex
526 4254 668 4309 nobilibus
687 4254 782 4308 dolose
801 4262 830 4310 et
849 4251 947 4306 callide
967 4268 1059 4306 omnes
1078 4267 1190 4308 eccon-
