2946 4830
476 305 764 382 ostensurum
795 311 836 380 u.
977 319 981 324 ·
1073 287 1205 375 νιν

105 479 153 564 τηῖ1
173 463 241 540 dm
261 475 316 557 τῆς
331 472 476 558 ’μεγάλης
497 479 608 550 νανίας
628 475 686 540 τοῦ
702 475 805 554 Θωμό
829 471 945 555 όνχόων
966 469 1024 554 τὴν
1047 466 1206 555 οίμότητα,

106 573 168 642 ἔτει
192 569 288 656 6876,
312 573 376 638 όπὸ
408 576 443 638 δὲ
464 577 609 656 Χριστοῦ
634 575 724 639 1368.
774 577 832 640 τοῦ
855 575 967 654 λοιμοῦ
997 577 1101 636 τοίνυν
1122 587 1209 634 παν-ι

107 679 270 757 capsum,
296 675 492 764 κακοπραγίᾳ
521 679 583 740 raris
615 673 799 742 Ἰωαννίνων
828 666 945 756 ἤρξατο
976 667 992 735 ὅ
1014 671 1133 751 Θωμᾶς
1154 669 1210 747 τός

107 773 211 860 χήρας
238 782 389 856 γυναῖκας
416 772 602 859 μνηστεύειν
621 774 781 858 μετὰτῶν
803 771 954 857 Σίρβων,
975 771 1029 836 καί
1047 774 1212 853 προοοντίι
1313 813 1320 826 .

84 877 177 954 ὁζεεν
198 877 305 951 ου’τοίς
328 875 366 938 τὰ
388 872 531 957 κτήματα
554 880 610 940 καί
629 874 668 941 τό
693 873 862 959 πράγματα
881 877 944 939 τοῖν
965 874 1114 939 tentant·
1157 871 1214 936 ναί

109 977 233 1059 πρῶτον
254 979 313 1056 μὲν
336 972 532 1062 ἐξεφώνησεν
553 975 744 1060 stastum,
764 973 875 1040 ἔπειτα
898 978 933 1039 di
954 973 1028 1049 νοός
1052 968 1214 1059 όρφανοός

111 1077 295 1157 ἀλλοτρίους
337 1077 400 1139 τῶν
439 1077 529 1140 ι’όιων
562 1073 727 1162 κτημάτων
759 1071 967 1163 όπνναθνοπᾷ.
1017 1077 1072 1138 ναί
1105 1075 1213 1150 ἁπλοῖς

111 1171 255 1250 ἅπαντας
277 1169 397 1258 ἄνδρας
416 1177 472 1238 καί
490 1175 641 1258 γυναῖκας
659 1180 762 1258 procis
792 1177 998 1259 όξωλόθρτυε.
1040 1167 1096 1238 ναί
1114 1178 1147 1238 τί
1168 1170 1213 1237 ἔτι

112 1279 209 1358 λόγως
226 1278 391 1362 ιἐπιλείψει
411 1273 471 1360 γάρ
495 1299 535 1358 με
558 1276 761 1360 διηγούμενον
784 1274 801 1339 ό
823 1274 939 1358 χρόνος
969 1267 1124 1356 arnissis
1144 1270 1213 1336 τότε

69 1377 331 1457 λννανοπραγιῶν
354 1378 409 1439 τοῦ
424 1377 526 1457 Θωμᾶ
548 1373 586 1450 dr
602 1373 750 1454 ἒνόμευσε
772 1379 812 1460 τῇ
833 1373 932 1456 πόλει,
953 1377 1027 1458 περί
1047 1376 1104 1437 τοῦ
1125 1369 1213 1438 uiros

112 1474 171 1557 τήν
193 1472 313 1556 σίκλον,
334 1473 390 1539 καί
411 1477 472 1544 τῶν
494 1476 669 1558 α’γμαρειυῖν
690 1473 745 1538 καί
756 1477 818 1539 τοῖν
840 1477 961 1558 ζημιοόν
974 1471 1028 1538 καί
1048 1469 1112 1536 scir
1134 1474 1213 1555 δαρ-

112 1577 183 1655 patu
204 1574 262 1638 soti
281 1568 357 1638 όλου
372 1571 509 1658 χρόνον,
538 1569 690 1640 saisitis
716 1573 785 1640 τινὰ
808 1571 905 1658 νόθη,
928 1567 1021 1658 ἤγουν
1040 1570 1215 1655 sospitates

113 1673 171 1738 ναί
190 1674 338 1756 πορνείας
361 1677 639 1758 καίμονοπιόλια,
667 1671 722 1740 ἅττ
751 1678 809 1740 sori
836 1673 923 1738 οἴνου
955 1675 1010 1739 καί
1038 1675 1094 1736 τοῦ
1116 1670 1216 1747 σίτου,

115 1766 229 1838 ἄλλοτε
252 1775 288 1839 δὲ
318 1773 455 1840 καίνων
483 1777 604 1856 κρεῶν,
637 1774 690 1840 risi
721 1777 757 1839 tt
778 1779 833 1840 ναί
854 1778 916 1840 ταῖν
938 1769 1051 1856 τυρῶν,
1072 1773 1127 1835 α’νί
1144 1790 1217 1836 ποτε

72 1875 151 1938 rsit
175 1876 236 1938 triu
266 1871 392 1955 ι’χθόων
424 1881 478 1940 ναί
501 1876 655 1959 α’πωροῖν,
676 1878 824 1940 animosi
852 1877 911 1955 μόν
933 1877 973 1938 dt’
995 1870 1120 1952 ἑαυτοῦ,
1142 1873 1218 1936 ποτὲ

116 1977 152 2040 δὲ
174 1975 229 2038 καί
250 1970 305 2038 διό
326 1976 389 2060 τῶν
411 1973 573 2057 όρχόντων
598 1970 713 2058 αὐτοῦ,
739 1979 794 2039 καί
816 1968 898 2038 ἄλλα
920 1979 1052 2036 nisiben
1072 1970 1172 2054 πάθη,
1197 1963 1218 2032 ό

116 2073 175 2136 ου’ντ
197 2069 268 2150 ἐξόν
299 2071 478 2156 α’νόροόπων
506 2072 611 2138 οόόενί
630 2081 755 2138 λαλεῖν·
798 2075 873 2137 ου’δὲ
907 2075 1034 2155 γλῶσσα
1067 2066 1219 2152 δυνηθείη

115 2175 251 2252 ἐξειπεῖν
271 2172 310 2238 τό
333 2173 447 2238 soricen
464 2175 731 2259 πανουργεύματα
748 2179 801 2238 ναί
816 2172 1040 2258 μηχανήματα,
1060 2167 1139 2254 πρός
1161 2170 1219 2250 μὲν

115 2272 191 2348 τούς
226 2276 290 2338 τῶν
324 2275 503 2357 ε’πιστημαῖν
537 2275 681 2357 τεχνίτας
717 2277 832 2358 ζημίας
862 2273 916 2338 καί
947 2271 1118 2355 α’γγαρείας
1138 2264 1217 2348 μετα

71 2375 266 2460 ννόαρμιόν,
304 2372 381 2459 πρὸς
410 2377 444 2438 δὲ
470 2376 543 2450 τοὺς
566 2375 718 2456 α’τέχνους
749 2374 803 2439 καί
822 2374 1009 2454 ε’λινθόρους
1030 2365 1221 2453 α’νθροόντους

118 2468 428 2557 statuminando
457 2481 513 2540 καί
534 2475 633 2540 κόπον·
649 2477 873 2561 α’όοιπόνητον·
923 2469 1021 2555 μιτρό
1044 2468 1103 2554 γὰρ
1126 2469 1219 2532 ναπία

118 2579 208 2640 πᾶσιν
230 2572 306 2658 πρός
327 2579 439 2640 ναυτίαν
460 2574 517 2657 την
541 2577 598 2640 τοῦ
622 2577 737 2655 Θωμᾶ.

221 2675 292 2740 Καί
322 2666 361 2759 ἦν
390 2676 518 2762 ἀληθῶς
546 2672 785 2761 παλυθρηνητος
817 2673 963 2760 όρωμόνη
991 2670 1062 2736 τότε
1089 2664 1220 2755 ἡπόλις

119 2979 234 3036 magnae
251 2966 392 3037 pravitatis
402 2965 527 3019 Thomas
542 2967 684 3020 effundens
702 2969 898 3032 crudelitatem,
917 2983 989 3021 anno
1008 2967 1088 3031 osto,
1109 2985 1136 3036 p.
1156 2962 1218 3018 cor.

119 3058 148 3092 n.
172 3038 249 3092 1368.
287 3056 356 3110 quae
387 3041 470 3108 pestis
496 3055 556 3090 cum
576 3039 716 3104 desiisset,
746 3040 909 3094 detrimento
936 3042 1084 3093 totoniuae
1102 3039 1220 3090 Thomas

119 3109 216 3164 viduas
234 3112 333 3180 nuptui
353 3110 419 3162 dare
437 3110 529 3162 Serbis
551 3113 659 3182 coepit,
678 3121 705 3166 et
722 3123 861 3184 praeterea
882 3113 945 3164 dare
966 3115 998 3164 iis
1020 3112 1091 3164 bona
1111 3119 1139 3164 et
1156 3121 1222 3180 pot·

58 3203 65 3212 ·
120 3184 256 3234 sessiones
275 3183 443 3242 incolarum,
469 3191 551 3252 atque
571 3185 686 3251 primurn
713 3184 822 3255 quidem
845 3186 932 3254 spolia
952 3183 1108 3245 declararit,
1127 3183 1222 3252 postea

119 3263 213 3306 sutem
234 3255 355 3324 pupillos
373 3255 480 3305 alienos
500 3255 533 3304 ab
549 3255 668 3327 ipsorum
684 3255 901 3323 possessionibus
916 3255 1012 3320 reddit,
1032 3265 1060 3308 et
1071 3272 1125 3306 uno
1140 3255 1222 3306 verbo

120 3341 217 3378 omnes
238 3333 266 3376 et
285 3326 354 3376 viros
381 3334 408 3376 et
432 3327 559 3376 mulieres
584 3326 647 3378 odio
667 3343 715 3376 suo
739 3328 947 3395 exstinguebat,
979 3327 1091 3396 etquid
1109 3327 1224 3395 amplius

120 3395 244 3466 loquor?
282 3397 411 3448 retinebit
431 3399 503 3447 enirn
529 3413 572 3448 me
591 3407 698 3465 tempus
717 3407 870 3448 narrantem
895 3398 929 3448 de
951 3399 1072 3450 Thoosae
1095 3397 1224 3448 iecinori-

123 3468 176 3519 bus
197 3475 253 3520 turn
274 3469 400 3536 peractis,
420 3467 454 3520 de
473 3469 546 3531 vino,
566 3467 600 3519 de
622 3469 712 3538 operis
729 3468 886 3531 tributariis,
909 3468 942 3520 de
962 3470 1069 3538 poenis,
1088 3467 1122 3518 de
1141 3467 1223 3518 iusti-

119 3539 171 3590 bus
192 3539 276 3590 totius
297 3539 435 3609 temporis,
457 3539 555 3590 tribuit
577 3547 666 3590 autem
687 3539 748 3590 urbi
768 3541 820 3590 alia
842 3555 951 3609 quoque
972 3539 1051 3602 mela,
1073 3546 1103 3590 ut
1122 3539 1223 3589 coitum

119 3618 150 3662 et
167 3611 361 3662 scortationem
383 3618 411 3661 et
438 3610 595 3678 monopolis
621 3619 652 3662 ut
671 3610 724 3661 viui
752 3619 779 3663 et
806 3611 952 3673 frumenti,
985 3609 1121 3662 interdum
1142 3609 1223 3660 etiarn

119 3683 219 3744 cornis,
240 3697 434 3750 nonnunquam
456 3683 636 3743 etiarn-casei,
657 3699 762 3750 semper
780 3691 869 3734 autem
888 3683 998 3751 piscium
1019 3690 1047 3734 et
1072 3695 1224 3752 pomorum,

119 3751 206 3822 idque
235 3751 308 3802 nunc
327 3755 384 3821 ipse
404 3769 453 3822 per
470 3769 513 3815 se,
532 3770 604 3804 nunc
629 3770 677 3822 per
703 3755 839 3824 principes
868 3772 950 3816 suos,
979 3763 1007 3806 et
1031 3754 1085 3804 alia
1109 3753 1225 3822 piurima

119 3825 207 3887 maia,
227 3840 297 3892 quae
325 3825 416 3874 omnia
447 3840 526 3876 nemo
552 3824 642 3874 dicere
668 3833 777 3894 potest,
795 3841 885 3895 neque
903 3827 989 3892 possit
1006 3825 1096 3891 lingua
1116 3835 1224 3874 narrare

119 3895 205 3946 huius
227 3894 306 3946 dolos
324 3903 352 3945 et
372 3893 595 3960 machinationes,
620 3905 713 3948 contra
740 3896 834 3948 doctos
855 3897 971 3950 artifices
989 3911 1091 3966 poenas
1111 3903 1139 3944 et
1157 3909 1224 3962 ope-

119 3984 163 4018 ras
184 3965 340 4018 tributarias
357 3975 385 4018 et
404 3965 501 4030 iustas,
521 3976 613 4018 contra
633 3967 757 4019 indoctos
776 3977 803 4019 et
822 3968 949 4020 liberales
968 3967 1092 4018 homines
1112 3967 1224 4015 servitu-

118 4048 175 4090 tem
195 4037 339 4106 gratuitam
366 4047 394 4090 et
418 4037 539 4090 laborem
557 4038 688 4090 mercedis
709 4048 856 4110 expertem,
876 4057 958 4110 parve
976 4039 1047 4090 enim
1072 4038 1158 4088 omnis
1183 4038 1224 4090 vi·

119 4110 239 4162 debatur
257 4112 373 4178 pravitas
394 4128 443 4180 pro
461 4112 592 4180 pravitate
611 4109 741 4163 Thomas.

222 4196 339 4270 Eratque
357 4205 415 4252 tum
444 4215 533 4258 revera
562 4198 685 4269 lugubris
711 4199 773 4254 urbs
793 4199 941 4267 Ioanninn,
962 4203 1071 4272 poteret
1092 4196 1166 4250 euim
1188 4194 1224 4252 tlt
1293 4181 1297 4190 ’
1330 4167 1344 4186 '¹
